%YAML 1.1
%TAG !u! tag:unity3d.com,2011:
--- !u!29 &1
SceneSettings:
  m_ObjectHideFlags: 0
  m_PVSData: 
  m_PVSObjectsArray: []
  m_PVSPortalsArray: []
  m_OcclusionBakeSettings:
    smallestOccluder: 5
    smallestHole: 0.25
    backfaceThreshold: 100
--- !u!104 &2
RenderSettings:
  m_ObjectHideFlags: 0
  serializedVersion: 6
  m_Fog: 0
  m_FogColor: {r: 0.5, g: 0.5, b: 0.5, a: 1}
  m_FogMode: 3
  m_FogDensity: 0.01
  m_LinearFogStart: 0
  m_LinearFogEnd: 300
  m_AmbientSkyColor: {r: 0.102941155, g: 0.08732249, b: 0, a: 1}
  m_AmbientEquatorColor: {r: 0.114, g: 0.125, b: 0.133, a: 1}
  m_AmbientGroundColor: {r: 0.047, g: 0.043, b: 0.035, a: 1}
  m_AmbientIntensity: 1
  m_AmbientMode: 3
  m_SkyboxMaterial: {fileID: 10304, guid: 0000000000000000f000000000000000, type: 0}
  m_HaloStrength: 0.5
  m_FlareStrength: 1
  m_FlareFadeSpeed: 3
  m_HaloTexture: {fileID: 0}
  m_SpotCookie: {fileID: 10001, guid: 0000000000000000e000000000000000, type: 0}
  m_DefaultReflectionMode: 0
  m_DefaultReflectionResolution: 128
  m_ReflectionBounces: 1
  m_ReflectionIntensity: 1
  m_CustomReflection: {fileID: 0}
  m_Sun: {fileID: 0}
--- !u!157 &3
LightmapSettings:
  m_ObjectHideFlags: 0
  serializedVersion: 6
  m_GIWorkflowMode: 1
  m_LightmapsMode: 1
  m_GISettings:
    serializedVersion: 2
    m_BounceScale: 1
    m_IndirectOutputScale: 1
    m_AlbedoBoost: 1
    m_TemporalCoherenceThreshold: 1
    m_EnvironmentLightingMode: 0
    m_EnableBakedLightmaps: 1
    m_EnableRealtimeLightmaps: 1
  m_LightmapEditorSettings:
    serializedVersion: 3
    m_Resolution: 2
    m_BakeResolution: 40
    m_TextureWidth: 1024
    m_TextureHeight: 1024
    m_AOMaxDistance: 1
    m_Padding: 2
    m_CompAOExponent: 0
    m_LightmapParameters: {fileID: 0}
    m_TextureCompression: 1
    m_FinalGather: 0
    m_FinalGatherRayCount: 1024
    m_ReflectionCompression: 2
  m_LightingDataAsset: {fileID: 0}
  m_RuntimeCPUUsage: 25
--- !u!196 &4
NavMeshSettings:
  serializedVersion: 2
  m_ObjectHideFlags: 0
  m_BuildSettings:
    serializedVersion: 2
    agentRadius: 1.5
    agentHeight: 2
    agentSlope: 45
    agentClimb: 0.4
    ledgeDropHeight: 0
    maxJumpAcrossDistance: 0
    accuratePlacement: 0
    minRegionArea: 2
    cellSize: 0.5
    manualCellSize: 0
  m_NavMeshData: {fileID: 23800000, guid: 14d06abb53fce0f429f6ec7788c48746, type: 2}
--- !u!1 &62549285
GameObject:
  m_ObjectHideFlags: 0
  m_PrefabParentObject: {fileID: 0}
  m_PrefabInternal: {fileID: 0}
  serializedVersion: 4
  m_Component:
  - 4: {fileID: 62549289}
  - 33: {fileID: 62549288}
  - 64: {fileID: 62549287}
  - 23: {fileID: 62549286}
  m_Layer: 0
  m_Name: LeftWall
  m_TagString: Untagged
  m_Icon: {fileID: 0}
  m_NavMeshLayer: 0
  m_StaticEditorFlags: 8
  m_IsActive: 1
--- !u!23 &62549286
MeshRenderer:
  m_ObjectHideFlags: 0
  m_PrefabParentObject: {fileID: 0}
  m_PrefabInternal: {fileID: 0}
  m_GameObject: {fileID: 62549285}
  m_Enabled: 1
  m_CastShadows: 1
  m_ReceiveShadows: 1
  m_Materials:
  - {fileID: 10303, guid: 0000000000000000f000000000000000, type: 0}
  m_SubsetIndices: 
  m_StaticBatchRoot: {fileID: 0}
  m_UseLightProbes: 1
  m_ReflectionProbeUsage: 1
  m_ProbeAnchor: {fileID: 0}
  m_ScaleInLightmap: 1
  m_PreserveUVs: 1
  m_IgnoreNormalsForChartDetection: 0
  m_ImportantGI: 0
  m_MinimumChartSize: 4
  m_AutoUVMaxDistance: 0.5
  m_AutoUVMaxAngle: 89
  m_LightmapParameters: {fileID: 0}
  m_SortingLayerID: 0
  m_SortingOrder: 0
--- !u!64 &62549287
MeshCollider:
  m_ObjectHideFlags: 0
  m_PrefabParentObject: {fileID: 0}
  m_PrefabInternal: {fileID: 0}
  m_GameObject: {fileID: 62549285}
  m_Material: {fileID: 0}
  m_IsTrigger: 0
  m_Enabled: 1
  serializedVersion: 2
  m_Convex: 0
  m_Mesh: {fileID: 10209, guid: 0000000000000000e000000000000000, type: 0}
--- !u!33 &62549288
MeshFilter:
  m_ObjectHideFlags: 0
  m_PrefabParentObject: {fileID: 0}
  m_PrefabInternal: {fileID: 0}
  m_GameObject: {fileID: 62549285}
  m_Mesh: {fileID: 10209, guid: 0000000000000000e000000000000000, type: 0}
--- !u!4 &62549289
Transform:
  m_ObjectHideFlags: 0
  m_PrefabParentObject: {fileID: 0}
  m_PrefabInternal: {fileID: 0}
  m_GameObject: {fileID: 62549285}
  m_LocalRotation: {x: 0.5, y: 0.5, z: -0.5000001, w: 0.49999994}
  m_LocalPosition: {x: -20, y: 2.5, z: 12}
  m_LocalScale: {x: 4, y: 1, z: 0.5}
  m_Children: []
  m_Father: {fileID: 0}
  m_RootOrder: 10
--- !u!1 &186118646
GameObject:
  m_ObjectHideFlags: 0
  m_PrefabParentObject: {fileID: 0}
  m_PrefabInternal: {fileID: 0}
  serializedVersion: 4
  m_Component:
  - 4: {fileID: 186118650}
  - 33: {fileID: 186118649}
  - 64: {fileID: 186118648}
  - 23: {fileID: 186118647}
  m_Layer: 0
  m_Name: RightWall
  m_TagString: Untagged
  m_Icon: {fileID: 0}
  m_NavMeshLayer: 0
  m_StaticEditorFlags: 8
  m_IsActive: 1
--- !u!23 &186118647
MeshRenderer:
  m_ObjectHideFlags: 0
  m_PrefabParentObject: {fileID: 0}
  m_PrefabInternal: {fileID: 0}
  m_GameObject: {fileID: 186118646}
  m_Enabled: 1
  m_CastShadows: 1
  m_ReceiveShadows: 1
  m_Materials:
  - {fileID: 10303, guid: 0000000000000000f000000000000000, type: 0}
  m_SubsetIndices: 
  m_StaticBatchRoot: {fileID: 0}
  m_UseLightProbes: 1
  m_ReflectionProbeUsage: 1
  m_ProbeAnchor: {fileID: 0}
  m_ScaleInLightmap: 1
  m_PreserveUVs: 1
  m_IgnoreNormalsForChartDetection: 0
  m_ImportantGI: 0
  m_MinimumChartSize: 4
  m_AutoUVMaxDistance: 0.5
  m_AutoUVMaxAngle: 89
  m_LightmapParameters: {fileID: 0}
  m_SortingLayerID: 0
  m_SortingOrder: 0
--- !u!64 &186118648
MeshCollider:
  m_ObjectHideFlags: 0
  m_PrefabParentObject: {fileID: 0}
  m_PrefabInternal: {fileID: 0}
  m_GameObject: {fileID: 186118646}
  m_Material: {fileID: 0}
  m_IsTrigger: 0
  m_Enabled: 1
  serializedVersion: 2
  m_Convex: 0
  m_Mesh: {fileID: 10209, guid: 0000000000000000e000000000000000, type: 0}
--- !u!33 &186118649
MeshFilter:
  m_ObjectHideFlags: 0
  m_PrefabParentObject: {fileID: 0}
  m_PrefabInternal: {fileID: 0}
  m_GameObject: {fileID: 186118646}
  m_Mesh: {fileID: 10209, guid: 0000000000000000e000000000000000, type: 0}
--- !u!4 &186118650
Transform:
  m_ObjectHideFlags: 0
  m_PrefabParentObject: {fileID: 0}
  m_PrefabInternal: {fileID: 0}
  m_GameObject: {fileID: 186118646}
  m_LocalRotation: {x: -0.50000024, y: 0.49999982, z: -0.4999999, w: -0.5000001}
  m_LocalPosition: {x: 20, y: 2.5, z: 12}
  m_LocalScale: {x: 4, y: 1, z: 0.5}
  m_Children: []
  m_Father: {fileID: 0}
  m_RootOrder: 11
--- !u!1 &235140883
GameObject:
  m_ObjectHideFlags: 0
  m_PrefabParentObject: {fileID: 0}
  m_PrefabInternal: {fileID: 0}
  serializedVersion: 4
  m_Component:
  - 4: {fileID: 235140887}
  - 33: {fileID: 235140886}
  - 65: {fileID: 235140885}
  - 23: {fileID: 235140884}
  m_Layer: 0
  m_Name: DungeonExit
  m_TagString: DungeonExit
  m_Icon: {fileID: 0}
  m_NavMeshLayer: 0
  m_StaticEditorFlags: 8
  m_IsActive: 1
--- !u!23 &235140884
MeshRenderer:
  m_ObjectHideFlags: 0
  m_PrefabParentObject: {fileID: 0}
  m_PrefabInternal: {fileID: 0}
  m_GameObject: {fileID: 235140883}
  m_Enabled: 1
  m_CastShadows: 1
  m_ReceiveShadows: 1
  m_Materials:
  - {fileID: 2100000, guid: c094645d084a02c4d81e208125b0ee99, type: 2}
  m_SubsetIndices: 
  m_StaticBatchRoot: {fileID: 0}
  m_UseLightProbes: 1
  m_ReflectionProbeUsage: 1
  m_ProbeAnchor: {fileID: 0}
  m_ScaleInLightmap: 1
  m_PreserveUVs: 1
  m_IgnoreNormalsForChartDetection: 0
  m_ImportantGI: 0
  m_MinimumChartSize: 4
  m_AutoUVMaxDistance: 0.5
  m_AutoUVMaxAngle: 89
  m_LightmapParameters: {fileID: 0}
  m_SortingLayerID: 0
  m_SortingOrder: 0
--- !u!65 &235140885
BoxCollider:
  m_ObjectHideFlags: 0
  m_PrefabParentObject: {fileID: 0}
  m_PrefabInternal: {fileID: 0}
  m_GameObject: {fileID: 235140883}
  m_Material: {fileID: 0}
  m_IsTrigger: 0
  m_Enabled: 1
  serializedVersion: 2
  m_Size: {x: 1, y: 1, z: 1}
  m_Center: {x: 0, y: 0, z: 0}
--- !u!33 &235140886
MeshFilter:
  m_ObjectHideFlags: 0
  m_PrefabParentObject: {fileID: 0}
  m_PrefabInternal: {fileID: 0}
  m_GameObject: {fileID: 235140883}
  m_Mesh: {fileID: 10202, guid: 0000000000000000e000000000000000, type: 0}
--- !u!4 &235140887
Transform:
  m_ObjectHideFlags: 0
  m_PrefabParentObject: {fileID: 0}
  m_PrefabInternal: {fileID: 0}
  m_GameObject: {fileID: 235140883}
  m_LocalRotation: {x: 0, y: 0, z: 0, w: 1}
  m_LocalPosition: {x: 0, y: 2, z: 32}
  m_LocalScale: {x: 2, y: 4, z: 0.1}
  m_Children: []
  m_Father: {fileID: 0}
  m_RootOrder: 0
--- !u!1001 &280585156
Prefab:
  m_ObjectHideFlags: 0
  serializedVersion: 2
  m_Modification:
    m_TransformParent: {fileID: 0}
    m_Modifications:
    - target: {fileID: 495376, guid: 802752f947735374192b2e60464d879e, type: 2}
      propertyPath: m_LocalPosition.x
      value: -15
      objectReference: {fileID: 0}
    - target: {fileID: 495376, guid: 802752f947735374192b2e60464d879e, type: 2}
      propertyPath: m_LocalPosition.y
      value: 0
      objectReference: {fileID: 0}
    - target: {fileID: 495376, guid: 802752f947735374192b2e60464d879e, type: 2}
      propertyPath: m_LocalPosition.z
      value: 25
      objectReference: {fileID: 0}
    - target: {fileID: 495376, guid: 802752f947735374192b2e60464d879e, type: 2}
      propertyPath: m_LocalRotation.x
      value: 0
      objectReference: {fileID: 0}
    - target: {fileID: 495376, guid: 802752f947735374192b2e60464d879e, type: 2}
      propertyPath: m_LocalRotation.y
      value: 0
      objectReference: {fileID: 0}
    - target: {fileID: 495376, guid: 802752f947735374192b2e60464d879e, type: 2}
      propertyPath: m_LocalRotation.z
      value: 0
      objectReference: {fileID: 0}
    - target: {fileID: 495376, guid: 802752f947735374192b2e60464d879e, type: 2}
      propertyPath: m_LocalRotation.w
      value: 1
      objectReference: {fileID: 0}
    - target: {fileID: 495376, guid: 802752f947735374192b2e60464d879e, type: 2}
      propertyPath: m_RootOrder
      value: 17
      objectReference: {fileID: 0}
    - target: {fileID: 184320, guid: 802752f947735374192b2e60464d879e, type: 2}
      propertyPath: m_Name
      value: EnemySpawn (5)
      objectReference: {fileID: 0}
    m_RemovedComponents: []
  m_ParentPrefab: {fileID: 100100000, guid: 802752f947735374192b2e60464d879e, type: 2}
  m_IsPrefabParent: 0
--- !u!1001 &331202338
Prefab:
  m_ObjectHideFlags: 0
  serializedVersion: 2
  m_Modification:
    m_TransformParent: {fileID: 0}
    m_Modifications:
    - target: {fileID: 495376, guid: 802752f947735374192b2e60464d879e, type: 2}
      propertyPath: m_LocalPosition.x
      value: -5
      objectReference: {fileID: 0}
    - target: {fileID: 495376, guid: 802752f947735374192b2e60464d879e, type: 2}
      propertyPath: m_LocalPosition.y
      value: 0
      objectReference: {fileID: 0}
    - target: {fileID: 495376, guid: 802752f947735374192b2e60464d879e, type: 2}
      propertyPath: m_LocalPosition.z
      value: 25
      objectReference: {fileID: 0}
    - target: {fileID: 495376, guid: 802752f947735374192b2e60464d879e, type: 2}
      propertyPath: m_LocalRotation.x
      value: 0
      objectReference: {fileID: 0}
    - target: {fileID: 495376, guid: 802752f947735374192b2e60464d879e, type: 2}
      propertyPath: m_LocalRotation.y
      value: 0
      objectReference: {fileID: 0}
    - target: {fileID: 495376, guid: 802752f947735374192b2e60464d879e, type: 2}
      propertyPath: m_LocalRotation.z
      value: 0
      objectReference: {fileID: 0}
    - target: {fileID: 495376, guid: 802752f947735374192b2e60464d879e, type: 2}
      propertyPath: m_LocalRotation.w
      value: 1
      objectReference: {fileID: 0}
    - target: {fileID: 495376, guid: 802752f947735374192b2e60464d879e, type: 2}
      propertyPath: m_RootOrder
      value: 11
      objectReference: {fileID: 0}
    m_RemovedComponents: []
  m_ParentPrefab: {fileID: 100100000, guid: 802752f947735374192b2e60464d879e, type: 2}
  m_IsPrefabParent: 0
--- !u!1001 &496354946
Prefab:
  m_ObjectHideFlags: 0
  serializedVersion: 2
  m_Modification:
    m_TransformParent: {fileID: 0}
    m_Modifications:
    - target: {fileID: 469792, guid: 25761d16ce7269040a12b380351b9713, type: 2}
      propertyPath: m_LocalPosition.x
      value: 10
      objectReference: {fileID: 0}
    - target: {fileID: 469792, guid: 25761d16ce7269040a12b380351b9713, type: 2}
      propertyPath: m_LocalPosition.y
      value: 2.5
      objectReference: {fileID: 0}
    - target: {fileID: 469792, guid: 25761d16ce7269040a12b380351b9713, type: 2}
      propertyPath: m_LocalPosition.z
      value: 20
      objectReference: {fileID: 0}
    - target: {fileID: 469792, guid: 25761d16ce7269040a12b380351b9713, type: 2}
      propertyPath: m_LocalRotation.x
      value: 0
      objectReference: {fileID: 0}
    - target: {fileID: 469792, guid: 25761d16ce7269040a12b380351b9713, type: 2}
      propertyPath: m_LocalRotation.y
      value: 1
      objectReference: {fileID: 0}
    - target: {fileID: 469792, guid: 25761d16ce7269040a12b380351b9713, type: 2}
      propertyPath: m_LocalRotation.z
      value: 0
      objectReference: {fileID: 0}
    - target: {fileID: 469792, guid: 25761d16ce7269040a12b380351b9713, type: 2}
      propertyPath: m_LocalRotation.w
      value: -0.00000016292068
      objectReference: {fileID: 0}
    - target: {fileID: 469792, guid: 25761d16ce7269040a12b380351b9713, type: 2}
      propertyPath: m_RootOrder
      value: 5
      objectReference: {fileID: 0}
    - target: {fileID: 125570, guid: 25761d16ce7269040a12b380351b9713, type: 2}
      propertyPath: m_Name
      value: Pillar
      objectReference: {fileID: 0}
    - target: {fileID: 158124, guid: 25761d16ce7269040a12b380351b9713, type: 2}
      propertyPath: m_StaticEditorFlags
      value: 8
      objectReference: {fileID: 0}
    - target: {fileID: 165270, guid: 25761d16ce7269040a12b380351b9713, type: 2}
      propertyPath: m_StaticEditorFlags
      value: 8
      objectReference: {fileID: 0}
    - target: {fileID: 152550, guid: 25761d16ce7269040a12b380351b9713, type: 2}
      propertyPath: m_StaticEditorFlags
      value: 8
      objectReference: {fileID: 0}
    - target: {fileID: 125570, guid: 25761d16ce7269040a12b380351b9713, type: 2}
      propertyPath: m_StaticEditorFlags
      value: 8
      objectReference: {fileID: 0}
    m_RemovedComponents: []
  m_ParentPrefab: {fileID: 100100000, guid: 25761d16ce7269040a12b380351b9713, type: 2}
  m_IsPrefabParent: 0
--- !u!1001 &673495409
Prefab:
  m_ObjectHideFlags: 0
  serializedVersion: 2
  m_Modification:
    m_TransformParent: {fileID: 0}
    m_Modifications:
    - target: {fileID: 495376, guid: 802752f947735374192b2e60464d879e, type: 2}
      propertyPath: m_LocalPosition.x
      value: 15
      objectReference: {fileID: 0}
    - target: {fileID: 495376, guid: 802752f947735374192b2e60464d879e, type: 2}
      propertyPath: m_LocalPosition.y
      value: 0
      objectReference: {fileID: 0}
    - target: {fileID: 495376, guid: 802752f947735374192b2e60464d879e, type: 2}
      propertyPath: m_LocalPosition.z
      value: 15
      objectReference: {fileID: 0}
    - target: {fileID: 495376, guid: 802752f947735374192b2e60464d879e, type: 2}
      propertyPath: m_LocalRotation.x
      value: 0
      objectReference: {fileID: 0}
    - target: {fileID: 495376, guid: 802752f947735374192b2e60464d879e, type: 2}
      propertyPath: m_LocalRotation.y
      value: 0
      objectReference: {fileID: 0}
    - target: {fileID: 495376, guid: 802752f947735374192b2e60464d879e, type: 2}
      propertyPath: m_LocalRotation.z
      value: 0
      objectReference: {fileID: 0}
    - target: {fileID: 495376, guid: 802752f947735374192b2e60464d879e, type: 2}
      propertyPath: m_LocalRotation.w
      value: 1
      objectReference: {fileID: 0}
    - target: {fileID: 495376, guid: 802752f947735374192b2e60464d879e, type: 2}
      propertyPath: m_RootOrder
      value: 15
      objectReference: {fileID: 0}
    - target: {fileID: 184320, guid: 802752f947735374192b2e60464d879e, type: 2}
      propertyPath: m_Name
      value: EnemySpawn (3)
      objectReference: {fileID: 0}
    m_RemovedComponents: []
  m_ParentPrefab: {fileID: 100100000, guid: 802752f947735374192b2e60464d879e, type: 2}
  m_IsPrefabParent: 0
--- !u!1001 &894805899
Prefab:
  m_ObjectHideFlags: 0
  serializedVersion: 2
  m_Modification:
    m_TransformParent: {fileID: 0}
    m_Modifications:
    - target: {fileID: 469792, guid: 25761d16ce7269040a12b380351b9713, type: 2}
      propertyPath: m_LocalPosition.x
      value: -10
      objectReference: {fileID: 0}
    - target: {fileID: 469792, guid: 25761d16ce7269040a12b380351b9713, type: 2}
      propertyPath: m_LocalPosition.y
      value: 2.5
      objectReference: {fileID: 0}
    - target: {fileID: 469792, guid: 25761d16ce7269040a12b380351b9713, type: 2}
      propertyPath: m_LocalPosition.z
      value: 10
      objectReference: {fileID: 0}
    - target: {fileID: 469792, guid: 25761d16ce7269040a12b380351b9713, type: 2}
      propertyPath: m_LocalRotation.x
      value: 0
      objectReference: {fileID: 0}
    - target: {fileID: 469792, guid: 25761d16ce7269040a12b380351b9713, type: 2}
      propertyPath: m_LocalRotation.y
      value: 0
      objectReference: {fileID: 0}
    - target: {fileID: 469792, guid: 25761d16ce7269040a12b380351b9713, type: 2}
      propertyPath: m_LocalRotation.z
      value: 0
      objectReference: {fileID: 0}
    - target: {fileID: 469792, guid: 25761d16ce7269040a12b380351b9713, type: 2}
      propertyPath: m_LocalRotation.w
      value: 1
      objectReference: {fileID: 0}
    - target: {fileID: 469792, guid: 25761d16ce7269040a12b380351b9713, type: 2}
      propertyPath: m_RootOrder
      value: 4
      objectReference: {fileID: 0}
    - target: {fileID: 125570, guid: 25761d16ce7269040a12b380351b9713, type: 2}
      propertyPath: m_Name
      value: Pillar
      objectReference: {fileID: 0}
    - target: {fileID: 158124, guid: 25761d16ce7269040a12b380351b9713, type: 2}
      propertyPath: m_StaticEditorFlags
      value: 8
      objectReference: {fileID: 0}
    - target: {fileID: 165270, guid: 25761d16ce7269040a12b380351b9713, type: 2}
      propertyPath: m_StaticEditorFlags
      value: 8
      objectReference: {fileID: 0}
    - target: {fileID: 152550, guid: 25761d16ce7269040a12b380351b9713, type: 2}
      propertyPath: m_StaticEditorFlags
      value: 8
      objectReference: {fileID: 0}
    - target: {fileID: 125570, guid: 25761d16ce7269040a12b380351b9713, type: 2}
      propertyPath: m_StaticEditorFlags
      value: 8
      objectReference: {fileID: 0}
    m_RemovedComponents: []
  m_ParentPrefab: {fileID: 100100000, guid: 25761d16ce7269040a12b380351b9713, type: 2}
  m_IsPrefabParent: 0
--- !u!1001 &920480437
Prefab:
  m_ObjectHideFlags: 0
  serializedVersion: 2
  m_Modification:
    m_TransformParent: {fileID: 0}
    m_Modifications:
    - target: {fileID: 469792, guid: 25761d16ce7269040a12b380351b9713, type: 2}
      propertyPath: m_LocalPosition.x
      value: 10
      objectReference: {fileID: 0}
    - target: {fileID: 469792, guid: 25761d16ce7269040a12b380351b9713, type: 2}
      propertyPath: m_LocalPosition.y
      value: 2.5
      objectReference: {fileID: 0}
    - target: {fileID: 469792, guid: 25761d16ce7269040a12b380351b9713, type: 2}
      propertyPath: m_LocalPosition.z
      value: 10
      objectReference: {fileID: 0}
    - target: {fileID: 469792, guid: 25761d16ce7269040a12b380351b9713, type: 2}
      propertyPath: m_LocalRotation.x
      value: 0
      objectReference: {fileID: 0}
    - target: {fileID: 469792, guid: 25761d16ce7269040a12b380351b9713, type: 2}
      propertyPath: m_LocalRotation.y
      value: 1
      objectReference: {fileID: 0}
    - target: {fileID: 469792, guid: 25761d16ce7269040a12b380351b9713, type: 2}
      propertyPath: m_LocalRotation.z
      value: 0
      objectReference: {fileID: 0}
    - target: {fileID: 469792, guid: 25761d16ce7269040a12b380351b9713, type: 2}
      propertyPath: m_LocalRotation.w
      value: -0.00000016292068
      objectReference: {fileID: 0}
    - target: {fileID: 469792, guid: 25761d16ce7269040a12b380351b9713, type: 2}
      propertyPath: m_RootOrder
      value: 6
      objectReference: {fileID: 0}
    - target: {fileID: 125570, guid: 25761d16ce7269040a12b380351b9713, type: 2}
      propertyPath: m_Name
      value: Pillar
      objectReference: {fileID: 0}
    - target: {fileID: 158124, guid: 25761d16ce7269040a12b380351b9713, type: 2}
      propertyPath: m_StaticEditorFlags
      value: 8
      objectReference: {fileID: 0}
    - target: {fileID: 165270, guid: 25761d16ce7269040a12b380351b9713, type: 2}
      propertyPath: m_StaticEditorFlags
      value: 8
      objectReference: {fileID: 0}
    - target: {fileID: 152550, guid: 25761d16ce7269040a12b380351b9713, type: 2}
      propertyPath: m_StaticEditorFlags
      value: 8
      objectReference: {fileID: 0}
    - target: {fileID: 125570, guid: 25761d16ce7269040a12b380351b9713, type: 2}
      propertyPath: m_StaticEditorFlags
      value: 8
      objectReference: {fileID: 0}
    m_RemovedComponents: []
  m_ParentPrefab: {fileID: 100100000, guid: 25761d16ce7269040a12b380351b9713, type: 2}
  m_IsPrefabParent: 0
--- !u!1001 &1020786826
Prefab:
  m_ObjectHideFlags: 0
  serializedVersion: 2
  m_Modification:
    m_TransformParent: {fileID: 0}
    m_Modifications:
    - target: {fileID: 495376, guid: 802752f947735374192b2e60464d879e, type: 2}
      propertyPath: m_LocalPosition.x
      value: 5
      objectReference: {fileID: 0}
    - target: {fileID: 495376, guid: 802752f947735374192b2e60464d879e, type: 2}
      propertyPath: m_LocalPosition.y
      value: 0
      objectReference: {fileID: 0}
    - target: {fileID: 495376, guid: 802752f947735374192b2e60464d879e, type: 2}
      propertyPath: m_LocalPosition.z
      value: 25
      objectReference: {fileID: 0}
    - target: {fileID: 495376, guid: 802752f947735374192b2e60464d879e, type: 2}
      propertyPath: m_LocalRotation.x
      value: 0
      objectReference: {fileID: 0}
    - target: {fileID: 495376, guid: 802752f947735374192b2e60464d879e, type: 2}
      propertyPath: m_LocalRotation.y
      value: 0
      objectReference: {fileID: 0}
    - target: {fileID: 495376, guid: 802752f947735374192b2e60464d879e, type: 2}
      propertyPath: m_LocalRotation.z
      value: 0
      objectReference: {fileID: 0}
    - target: {fileID: 495376, guid: 802752f947735374192b2e60464d879e, type: 2}
      propertyPath: m_LocalRotation.w
      value: 1
      objectReference: {fileID: 0}
    - target: {fileID: 495376, guid: 802752f947735374192b2e60464d879e, type: 2}
      propertyPath: m_RootOrder
      value: 12
      objectReference: {fileID: 0}
    - target: {fileID: 184320, guid: 802752f947735374192b2e60464d879e, type: 2}
      propertyPath: m_Name
      value: EnemySpawn (1)
      objectReference: {fileID: 0}
    m_RemovedComponents: []
  m_ParentPrefab: {fileID: 100100000, guid: 802752f947735374192b2e60464d879e, type: 2}
  m_IsPrefabParent: 0
--- !u!1001 &1147280346
Prefab:
  m_ObjectHideFlags: 0
  serializedVersion: 2
  m_Modification:
    m_TransformParent: {fileID: 0}
    m_Modifications:
    - target: {fileID: 469792, guid: 25761d16ce7269040a12b380351b9713, type: 2}
      propertyPath: m_LocalPosition.x
      value: -10
      objectReference: {fileID: 0}
    - target: {fileID: 469792, guid: 25761d16ce7269040a12b380351b9713, type: 2}
      propertyPath: m_LocalPosition.y
      value: 2.5
      objectReference: {fileID: 0}
    - target: {fileID: 469792, guid: 25761d16ce7269040a12b380351b9713, type: 2}
      propertyPath: m_LocalPosition.z
      value: 0
      objectReference: {fileID: 0}
    - target: {fileID: 469792, guid: 25761d16ce7269040a12b380351b9713, type: 2}
      propertyPath: m_LocalRotation.x
      value: 0
      objectReference: {fileID: 0}
    - target: {fileID: 469792, guid: 25761d16ce7269040a12b380351b9713, type: 2}
      propertyPath: m_LocalRotation.y
      value: 0
      objectReference: {fileID: 0}
    - target: {fileID: 469792, guid: 25761d16ce7269040a12b380351b9713, type: 2}
      propertyPath: m_LocalRotation.z
      value: 0
      objectReference: {fileID: 0}
    - target: {fileID: 469792, guid: 25761d16ce7269040a12b380351b9713, type: 2}
      propertyPath: m_LocalRotation.w
      value: 1
      objectReference: {fileID: 0}
    - target: {fileID: 469792, guid: 25761d16ce7269040a12b380351b9713, type: 2}
      propertyPath: m_RootOrder
      value: 3
      objectReference: {fileID: 0}
    - target: {fileID: 125570, guid: 25761d16ce7269040a12b380351b9713, type: 2}
      propertyPath: m_Name
      value: Pillar
      objectReference: {fileID: 0}
    - target: {fileID: 158124, guid: 25761d16ce7269040a12b380351b9713, type: 2}
      propertyPath: m_StaticEditorFlags
      value: 8
      objectReference: {fileID: 0}
    - target: {fileID: 165270, guid: 25761d16ce7269040a12b380351b9713, type: 2}
      propertyPath: m_StaticEditorFlags
      value: 8
      objectReference: {fileID: 0}
    - target: {fileID: 152550, guid: 25761d16ce7269040a12b380351b9713, type: 2}
      propertyPath: m_StaticEditorFlags
      value: 8
      objectReference: {fileID: 0}
    - target: {fileID: 125570, guid: 25761d16ce7269040a12b380351b9713, type: 2}
      propertyPath: m_StaticEditorFlags
      value: 8
      objectReference: {fileID: 0}
    m_RemovedComponents: []
  m_ParentPrefab: {fileID: 100100000, guid: 25761d16ce7269040a12b380351b9713, type: 2}
  m_IsPrefabParent: 0
--- !u!1001 &1311517991
Prefab:
  m_ObjectHideFlags: 0
  serializedVersion: 2
  m_Modification:
    m_TransformParent: {fileID: 0}
    m_Modifications:
    - target: {fileID: 495376, guid: 802752f947735374192b2e60464d879e, type: 2}
      propertyPath: m_LocalPosition.x
      value: -15
      objectReference: {fileID: 0}
    - target: {fileID: 495376, guid: 802752f947735374192b2e60464d879e, type: 2}
      propertyPath: m_LocalPosition.y
      value: 0
      objectReference: {fileID: 0}
    - target: {fileID: 495376, guid: 802752f947735374192b2e60464d879e, type: 2}
      propertyPath: m_LocalPosition.z
      value: 15
      objectReference: {fileID: 0}
    - target: {fileID: 495376, guid: 802752f947735374192b2e60464d879e, type: 2}
      propertyPath: m_LocalRotation.x
      value: 0
      objectReference: {fileID: 0}
    - target: {fileID: 495376, guid: 802752f947735374192b2e60464d879e, type: 2}
      propertyPath: m_LocalRotation.y
      value: 0
      objectReference: {fileID: 0}
    - target: {fileID: 495376, guid: 802752f947735374192b2e60464d879e, type: 2}
      propertyPath: m_LocalRotation.z
      value: 0
      objectReference: {fileID: 0}
    - target: {fileID: 495376, guid: 802752f947735374192b2e60464d879e, type: 2}
      propertyPath: m_LocalRotation.w
      value: 1
      objectReference: {fileID: 0}
    - target: {fileID: 495376, guid: 802752f947735374192b2e60464d879e, type: 2}
      propertyPath: m_RootOrder
      value: 16
      objectReference: {fileID: 0}
    - target: {fileID: 184320, guid: 802752f947735374192b2e60464d879e, type: 2}
      propertyPath: m_Name
      value: EnemySpawn (4)
      objectReference: {fileID: 0}
    m_RemovedComponents: []
  m_ParentPrefab: {fileID: 100100000, guid: 802752f947735374192b2e60464d879e, type: 2}
  m_IsPrefabParent: 0
--- !u!1 &1315218808
GameObject:
  m_ObjectHideFlags: 0
  m_PrefabParentObject: {fileID: 0}
  m_PrefabInternal: {fileID: 0}
  serializedVersion: 4
  m_Component:
  - 4: {fileID: 1315218812}
  - 33: {fileID: 1315218811}
  - 64: {fileID: 1315218810}
  - 23: {fileID: 1315218809}
  m_Layer: 0
  m_Name: Plane
  m_TagString: Untagged
  m_Icon: {fileID: 0}
  m_NavMeshLayer: 0
  m_StaticEditorFlags: 8
  m_IsActive: 1
--- !u!23 &1315218809
MeshRenderer:
  m_ObjectHideFlags: 0
  m_PrefabParentObject: {fileID: 0}
  m_PrefabInternal: {fileID: 0}
  m_GameObject: {fileID: 1315218808}
  m_Enabled: 1
  m_CastShadows: 1
  m_ReceiveShadows: 1
  m_Materials:
  - {fileID: 10303, guid: 0000000000000000f000000000000000, type: 0}
  m_SubsetIndices: 
  m_StaticBatchRoot: {fileID: 0}
  m_UseLightProbes: 1
  m_ReflectionProbeUsage: 1
  m_ProbeAnchor: {fileID: 0}
  m_ScaleInLightmap: 1
  m_PreserveUVs: 1
  m_IgnoreNormalsForChartDetection: 0
  m_ImportantGI: 0
  m_MinimumChartSize: 4
  m_AutoUVMaxDistance: 0.5
  m_AutoUVMaxAngle: 89
  m_LightmapParameters: {fileID: 0}
  m_SortingLayerID: 0
  m_SortingOrder: 0
--- !u!64 &1315218810
MeshCollider:
  m_ObjectHideFlags: 0
  m_PrefabParentObject: {fileID: 0}
  m_PrefabInternal: {fileID: 0}
  m_GameObject: {fileID: 1315218808}
  m_Material: {fileID: 0}
  m_IsTrigger: 0
  m_Enabled: 1
  serializedVersion: 2
  m_Convex: 0
  m_Mesh: {fileID: 10209, guid: 0000000000000000e000000000000000, type: 0}
--- !u!33 &1315218811
MeshFilter:
  m_ObjectHideFlags: 0
  m_PrefabParentObject: {fileID: 0}
  m_PrefabInternal: {fileID: 0}
  m_GameObject: {fileID: 1315218808}
  m_Mesh: {fileID: 10209, guid: 0000000000000000e000000000000000, type: 0}
--- !u!4 &1315218812
Transform:
  m_ObjectHideFlags: 0
  m_PrefabParentObject: {fileID: 0}
  m_PrefabInternal: {fileID: 0}
  m_GameObject: {fileID: 1315218808}
  m_LocalRotation: {x: 0, y: 0, z: 0, w: 1}
  m_LocalPosition: {x: 0, y: 0, z: 12}
  m_LocalScale: {x: 4, y: 1, z: 4}
  m_Children: []
  m_Father: {fileID: 0}
  m_RootOrder: 1
--- !u!1 &1715049494
GameObject:
  m_ObjectHideFlags: 0
  m_PrefabParentObject: {fileID: 0}
  m_PrefabInternal: {fileID: 0}
  serializedVersion: 4
  m_Component:
  - 4: {fileID: 1715049498}
  - 33: {fileID: 1715049497}
  - 64: {fileID: 1715049496}
  - 23: {fileID: 1715049495}
  m_Layer: 0
  m_Name: BackWall
  m_TagString: Untagged
  m_Icon: {fileID: 0}
  m_NavMeshLayer: 0
  m_StaticEditorFlags: 8
  m_IsActive: 1
--- !u!23 &1715049495
MeshRenderer:
  m_ObjectHideFlags: 0
  m_PrefabParentObject: {fileID: 0}
  m_PrefabInternal: {fileID: 0}
  m_GameObject: {fileID: 1715049494}
  m_Enabled: 1
  m_CastShadows: 1
  m_ReceiveShadows: 1
  m_Materials:
  - {fileID: 10303, guid: 0000000000000000f000000000000000, type: 0}
  m_SubsetIndices: 
  m_StaticBatchRoot: {fileID: 0}
  m_UseLightProbes: 1
  m_ReflectionProbeUsage: 1
  m_ProbeAnchor: {fileID: 0}
  m_ScaleInLightmap: 1
  m_PreserveUVs: 1
  m_IgnoreNormalsForChartDetection: 0
  m_ImportantGI: 0
  m_MinimumChartSize: 4
  m_AutoUVMaxDistance: 0.5
  m_AutoUVMaxAngle: 89
  m_LightmapParameters: {fileID: 0}
  m_SortingLayerID: 0
  m_SortingOrder: 0
--- !u!64 &1715049496
MeshCollider:
  m_ObjectHideFlags: 0
  m_PrefabParentObject: {fileID: 0}
  m_PrefabInternal: {fileID: 0}
  m_GameObject: {fileID: 1715049494}
  m_Material: {fileID: 0}
  m_IsTrigger: 0
  m_Enabled: 1
  serializedVersion: 2
  m_Convex: 0
  m_Mesh: {fileID: 10209, guid: 0000000000000000e000000000000000, type: 0}
--- !u!33 &1715049497
MeshFilter:
  m_ObjectHideFlags: 0
  m_PrefabParentObject: {fileID: 0}
  m_PrefabInternal: {fileID: 0}
  m_GameObject: {fileID: 1715049494}
  m_Mesh: {fileID: 10209, guid: 0000000000000000e000000000000000, type: 0}
--- !u!4 &1715049498
Transform:
  m_ObjectHideFlags: 0
  m_PrefabParentObject: {fileID: 0}
  m_PrefabInternal: {fileID: 0}
  m_GameObject: {fileID: 1715049494}
  m_LocalRotation: {x: 0.7071068, y: 0, z: 0, w: 0.7071067}
  m_LocalPosition: {x: 0, y: 2.5, z: -8}
  m_LocalScale: {x: 4, y: 1, z: 0.5}
  m_Children: []
  m_Father: {fileID: 0}
  m_RootOrder: 8
--- !u!1001 &1739264248
Prefab:
  m_ObjectHideFlags: 0
  serializedVersion: 2
  m_Modification:
    m_TransformParent: {fileID: 0}
    m_Modifications:
    - target: {fileID: 495376, guid: 802752f947735374192b2e60464d879e, type: 2}
      propertyPath: m_LocalPosition.x
      value: 15
      objectReference: {fileID: 0}
    - target: {fileID: 495376, guid: 802752f947735374192b2e60464d879e, type: 2}
      propertyPath: m_LocalPosition.y
      value: 0
      objectReference: {fileID: 0}
    - target: {fileID: 495376, guid: 802752f947735374192b2e60464d879e, type: 2}
      propertyPath: m_LocalPosition.z
      value: 25
      objectReference: {fileID: 0}
    - target: {fileID: 495376, guid: 802752f947735374192b2e60464d879e, type: 2}
      propertyPath: m_LocalRotation.x
      value: 0
      objectReference: {fileID: 0}
    - target: {fileID: 495376, guid: 802752f947735374192b2e60464d879e, type: 2}
      propertyPath: m_LocalRotation.y
      value: 0
      objectReference: {fileID: 0}
    - target: {fileID: 495376, guid: 802752f947735374192b2e60464d879e, type: 2}
      propertyPath: m_LocalRotation.z
      value: 0
      objectReference: {fileID: 0}
    - target: {fileID: 495376, guid: 802752f947735374192b2e60464d879e, type: 2}
      propertyPath: m_LocalRotation.w
      value: 1
      objectReference: {fileID: 0}
    - target: {fileID: 495376, guid: 802752f947735374192b2e60464d879e, type: 2}
      propertyPath: m_RootOrder
      value: 14
      objectReference: {fileID: 0}
    - target: {fileID: 184320, guid: 802752f947735374192b2e60464d879e, type: 2}
      propertyPath: m_Name
      value: EnemySpawn (2)
      objectReference: {fileID: 0}
    m_RemovedComponents: []
  m_ParentPrefab: {fileID: 100100000, guid: 802752f947735374192b2e60464d879e, type: 2}
  m_IsPrefabParent: 0
--- !u!1001 &1744894806
Prefab:
  m_ObjectHideFlags: 0
  serializedVersion: 2
  m_Modification:
    m_TransformParent: {fileID: 0}
    m_Modifications:
    - target: {fileID: 469792, guid: 25761d16ce7269040a12b380351b9713, type: 2}
      propertyPath: m_LocalPosition.x
      value: -10
      objectReference: {fileID: 0}
    - target: {fileID: 469792, guid: 25761d16ce7269040a12b380351b9713, type: 2}
      propertyPath: m_LocalPosition.y
      value: 2.5
      objectReference: {fileID: 0}
    - target: {fileID: 469792, guid: 25761d16ce7269040a12b380351b9713, type: 2}
      propertyPath: m_LocalPosition.z
      value: 20
      objectReference: {fileID: 0}
    - target: {fileID: 469792, guid: 25761d16ce7269040a12b380351b9713, type: 2}
      propertyPath: m_LocalRotation.x
      value: 0
      objectReference: {fileID: 0}
    - target: {fileID: 469792, guid: 25761d16ce7269040a12b380351b9713, type: 2}
      propertyPath: m_LocalRotation.y
      value: 0
      objectReference: {fileID: 0}
    - target: {fileID: 469792, guid: 25761d16ce7269040a12b380351b9713, type: 2}
      propertyPath: m_LocalRotation.z
      value: 0
      objectReference: {fileID: 0}
    - target: {fileID: 469792, guid: 25761d16ce7269040a12b380351b9713, type: 2}
      propertyPath: m_LocalRotation.w
      value: 1
      objectReference: {fileID: 0}
    - target: {fileID: 469792, guid: 25761d16ce7269040a12b380351b9713, type: 2}
      propertyPath: m_RootOrder
      value: 2
      objectReference: {fileID: 0}
    - target: {fileID: 158124, guid: 25761d16ce7269040a12b380351b9713, type: 2}
      propertyPath: m_StaticEditorFlags
      value: 8
      objectReference: {fileID: 0}
    - target: {fileID: 165270, guid: 25761d16ce7269040a12b380351b9713, type: 2}
      propertyPath: m_StaticEditorFlags
      value: 8
      objectReference: {fileID: 0}
    - target: {fileID: 152550, guid: 25761d16ce7269040a12b380351b9713, type: 2}
      propertyPath: m_StaticEditorFlags
      value: 8
      objectReference: {fileID: 0}
    - target: {fileID: 125570, guid: 25761d16ce7269040a12b380351b9713, type: 2}
      propertyPath: m_StaticEditorFlags
      value: 8
      objectReference: {fileID: 0}
    m_RemovedComponents: []
  m_ParentPrefab: {fileID: 100100000, guid: 25761d16ce7269040a12b380351b9713, type: 2}
  m_IsPrefabParent: 0
--- !u!1001 &1771244207
Prefab:
  m_ObjectHideFlags: 0
  serializedVersion: 2
  m_Modification:
    m_TransformParent: {fileID: 0}
    m_Modifications:
    - target: {fileID: 469792, guid: 25761d16ce7269040a12b380351b9713, type: 2}
      propertyPath: m_LocalPosition.x
      value: 10
      objectReference: {fileID: 0}
    - target: {fileID: 469792, guid: 25761d16ce7269040a12b380351b9713, type: 2}
      propertyPath: m_LocalPosition.y
      value: 2.5
      objectReference: {fileID: 0}
    - target: {fileID: 469792, guid: 25761d16ce7269040a12b380351b9713, type: 2}
      propertyPath: m_LocalPosition.z
      value: 0
      objectReference: {fileID: 0}
    - target: {fileID: 469792, guid: 25761d16ce7269040a12b380351b9713, type: 2}
      propertyPath: m_LocalRotation.x
      value: 0
      objectReference: {fileID: 0}
    - target: {fileID: 469792, guid: 25761d16ce7269040a12b380351b9713, type: 2}
      propertyPath: m_LocalRotation.y
      value: 1
      objectReference: {fileID: 0}
    - target: {fileID: 469792, guid: 25761d16ce7269040a12b380351b9713, type: 2}
      propertyPath: m_LocalRotation.z
      value: 0
      objectReference: {fileID: 0}
    - target: {fileID: 469792, guid: 25761d16ce7269040a12b380351b9713, type: 2}
      propertyPath: m_LocalRotation.w
      value: -0.00000016292068
      objectReference: {fileID: 0}
    - target: {fileID: 469792, guid: 25761d16ce7269040a12b380351b9713, type: 2}
      propertyPath: m_RootOrder
      value: 7
      objectReference: {fileID: 0}
    - target: {fileID: 125570, guid: 25761d16ce7269040a12b380351b9713, type: 2}
      propertyPath: m_Name
      value: Pillar
      objectReference: {fileID: 0}
    - target: {fileID: 158124, guid: 25761d16ce7269040a12b380351b9713, type: 2}
      propertyPath: m_StaticEditorFlags
      value: 8
      objectReference: {fileID: 0}
    - target: {fileID: 165270, guid: 25761d16ce7269040a12b380351b9713, type: 2}
      propertyPath: m_StaticEditorFlags
      value: 8
      objectReference: {fileID: 0}
    - target: {fileID: 152550, guid: 25761d16ce7269040a12b380351b9713, type: 2}
      propertyPath: m_StaticEditorFlags
      value: 8
      objectReference: {fileID: 0}
    - target: {fileID: 125570, guid: 25761d16ce7269040a12b380351b9713, type: 2}
      propertyPath: m_StaticEditorFlags
      value: 8
      objectReference: {fileID: 0}
    m_RemovedComponents: []
  m_ParentPrefab: {fileID: 100100000, guid: 25761d16ce7269040a12b380351b9713, type: 2}
  m_IsPrefabParent: 0
--- !u!1 &2102331844
GameObject:
  m_ObjectHideFlags: 0
  m_PrefabParentObject: {fileID: 0}
  m_PrefabInternal: {fileID: 0}
  serializedVersion: 4
  m_Component:
  - 4: {fileID: 2102331848}
  - 33: {fileID: 2102331847}
  - 64: {fileID: 2102331846}
  - 23: {fileID: 2102331845}
  m_Layer: 0
  m_Name: FrontWall
  m_TagString: Untagged
  m_Icon: {fileID: 0}
  m_NavMeshLayer: 0
  m_StaticEditorFlags: 8
  m_IsActive: 1
--- !u!23 &2102331845
MeshRenderer:
  m_ObjectHideFlags: 0
  m_PrefabParentObject: {fileID: 0}
  m_PrefabInternal: {fileID: 0}
  m_GameObject: {fileID: 2102331844}
  m_Enabled: 1
  m_CastShadows: 1
  m_ReceiveShadows: 1
  m_Materials:
  - {fileID: 10303, guid: 0000000000000000f000000000000000, type: 0}
  m_SubsetIndices: 
  m_StaticBatchRoot: {fileID: 0}
  m_UseLightProbes: 1
  m_ReflectionProbeUsage: 1
  m_ProbeAnchor: {fileID: 0}
  m_ScaleInLightmap: 1
  m_PreserveUVs: 1
  m_IgnoreNormalsForChartDetection: 0
  m_ImportantGI: 0
  m_MinimumChartSize: 4
  m_AutoUVMaxDistance: 0.5
  m_AutoUVMaxAngle: 89
  m_LightmapParameters: {fileID: 0}
  m_SortingLayerID: 0
  m_SortingOrder: 0
--- !u!64 &2102331846
MeshCollider:
  m_ObjectHideFlags: 0
  m_PrefabParentObject: {fileID: 0}
  m_PrefabInternal: {fileID: 0}
  m_GameObject: {fileID: 2102331844}
  m_Material: {fileID: 0}
  m_IsTrigger: 0
  m_Enabled: 1
  serializedVersion: 2
  m_Convex: 0
  m_Mesh: {fileID: 10209, guid: 0000000000000000e000000000000000, type: 0}
--- !u!33 &2102331847
MeshFilter:
  m_ObjectHideFlags: 0
  m_PrefabParentObject: {fileID: 0}
  m_PrefabInternal: {fileID: 0}
  m_GameObject: {fileID: 2102331844}
  m_Mesh: {fileID: 10209, guid: 0000000000000000e000000000000000, type: 0}
--- !u!4 &2102331848
Transform:
  m_ObjectHideFlags: 0
  m_PrefabParentObject: {fileID: 0}
  m_PrefabInternal: {fileID: 0}
  m_GameObject: {fileID: 2102331844}
  m_LocalRotation: {x: -0.000000115202326, y: 0.7071067, z: -0.7071068, w: -0.00000011520231}
  m_LocalPosition: {x: 0, y: 2.5, z: 32}
  m_LocalScale: {x: 4, y: 1, z: 0.5}
  m_Children: []
  m_Father: {fileID: 0}
  m_RootOrder: 9
