%YAML 1.1
%TAG !u! tag:unity3d.com,2011:
--- !u!29 &1
SceneSettings:
  m_ObjectHideFlags: 0
  m_PVSData: 
  m_PVSObjectsArray: []
  m_PVSPortalsArray: []
  m_OcclusionBakeSettings:
    smallestOccluder: 5
    smallestHole: 0.25
    backfaceThreshold: 100
--- !u!104 &2
RenderSettings:
  m_ObjectHideFlags: 0
  serializedVersion: 6
  m_Fog: 0
  m_FogColor: {r: 0.5, g: 0.5, b: 0.5, a: 1}
  m_FogMode: 3
  m_FogDensity: 0.01
  m_LinearFogStart: 0
  m_LinearFogEnd: 300
  m_AmbientSkyColor: {r: 0.212, g: 0.227, b: 0.259, a: 1}
  m_AmbientEquatorColor: {r: 0.114, g: 0.125, b: 0.133, a: 1}
  m_AmbientGroundColor: {r: 0.047, g: 0.043, b: 0.035, a: 1}
  m_AmbientIntensity: 0.9
  m_AmbientMode: 0
  m_SkyboxMaterial: {fileID: 2100000, guid: eca3c00ef1cc6ce45bfade23ebc4ab1e, type: 2}
  m_HaloStrength: 0.5
  m_FlareStrength: 1
  m_FlareFadeSpeed: 3
  m_HaloTexture: {fileID: 0}
  m_SpotCookie: {fileID: 10001, guid: 0000000000000000e000000000000000, type: 0}
  m_DefaultReflectionMode: 0
  m_DefaultReflectionResolution: 128
  m_ReflectionBounces: 1
  m_ReflectionIntensity: 1
  m_CustomReflection: {fileID: 0}
  m_Sun: {fileID: 0}
--- !u!157 &3
LightmapSettings:
  m_ObjectHideFlags: 0
  serializedVersion: 6
  m_GIWorkflowMode: 1
  m_LightmapsMode: 1
  m_GISettings:
    serializedVersion: 2
    m_BounceScale: 1
    m_IndirectOutputScale: 1
    m_AlbedoBoost: 1
    m_TemporalCoherenceThreshold: 1
    m_EnvironmentLightingMode: 0
    m_EnableBakedLightmaps: 1
    m_EnableRealtimeLightmaps: 1
  m_LightmapEditorSettings:
    serializedVersion: 3
    m_Resolution: 2
    m_BakeResolution: 40
    m_TextureWidth: 1024
    m_TextureHeight: 1024
    m_AOMaxDistance: 1
    m_Padding: 2
    m_CompAOExponent: 0
    m_LightmapParameters: {fileID: 0}
    m_TextureCompression: 1
    m_FinalGather: 0
    m_FinalGatherRayCount: 1024
    m_ReflectionCompression: 2
  m_LightingDataAsset: {fileID: 112000005, guid: c2a94b5d26873434ab7538f3eabfa444,
    type: 2}
  m_RuntimeCPUUsage: 25
--- !u!196 &4
NavMeshSettings:
  serializedVersion: 2
  m_ObjectHideFlags: 0
  m_BuildSettings:
    serializedVersion: 2
    agentRadius: 0.5
    agentHeight: 2
    agentSlope: 45
    agentClimb: 0.4
    ledgeDropHeight: 0
    maxJumpAcrossDistance: 0
    accuratePlacement: 0
    minRegionArea: 2
    cellSize: 0.16666667
    manualCellSize: 0
  m_NavMeshData: {fileID: 0}
--- !u!1001 &276228765
Prefab:
  m_ObjectHideFlags: 0
  serializedVersion: 2
  m_Modification:
    m_TransformParent: {fileID: 1083588742}
    m_Modifications:
    - target: {fileID: 400002, guid: 53926730fc437284db2f3395236ceb57, type: 3}
      propertyPath: m_LocalPosition.x
      value: -20.23198
      objectReference: {fileID: 0}
    - target: {fileID: 400002, guid: 53926730fc437284db2f3395236ceb57, type: 3}
      propertyPath: m_LocalPosition.y
      value: -9.107417
      objectReference: {fileID: 0}
    - target: {fileID: 400002, guid: 53926730fc437284db2f3395236ceb57, type: 3}
      propertyPath: m_LocalPosition.z
      value: -35.76895
      objectReference: {fileID: 0}
    - target: {fileID: 400002, guid: 53926730fc437284db2f3395236ceb57, type: 3}
      propertyPath: m_LocalRotation.x
      value: 0
      objectReference: {fileID: 0}
    - target: {fileID: 400002, guid: 53926730fc437284db2f3395236ceb57, type: 3}
      propertyPath: m_LocalRotation.y
      value: 0.27439457
      objectReference: {fileID: 0}
    - target: {fileID: 400002, guid: 53926730fc437284db2f3395236ceb57, type: 3}
      propertyPath: m_LocalRotation.z
      value: 0
      objectReference: {fileID: 0}
    - target: {fileID: 400002, guid: 53926730fc437284db2f3395236ceb57, type: 3}
      propertyPath: m_LocalRotation.w
      value: 0.9616172
      objectReference: {fileID: 0}
    - target: {fileID: 400002, guid: 53926730fc437284db2f3395236ceb57, type: 3}
      propertyPath: m_RootOrder
      value: 6
      objectReference: {fileID: 0}
    - target: {fileID: 400002, guid: 53926730fc437284db2f3395236ceb57, type: 3}
      propertyPath: m_LocalScale.x
      value: 0.038441703
      objectReference: {fileID: 0}
    - target: {fileID: 400002, guid: 53926730fc437284db2f3395236ceb57, type: 3}
      propertyPath: m_LocalScale.y
      value: 0.038441766
      objectReference: {fileID: 0}
    - target: {fileID: 400002, guid: 53926730fc437284db2f3395236ceb57, type: 3}
      propertyPath: m_LocalScale.z
      value: 0.038441766
      objectReference: {fileID: 0}
    - target: {fileID: 100002, guid: 53926730fc437284db2f3395236ceb57, type: 3}
      propertyPath: m_Name
      value: Medieval_House (1)
      objectReference: {fileID: 0}
    m_RemovedComponents: []
  m_ParentPrefab: {fileID: 100100000, guid: 53926730fc437284db2f3395236ceb57, type: 3}
  m_IsPrefabParent: 0
--- !u!4 &276228766 stripped
Transform:
  m_PrefabParentObject: {fileID: 400002, guid: 53926730fc437284db2f3395236ceb57, type: 3}
  m_PrefabInternal: {fileID: 276228765}
--- !u!1001 &357569279
Prefab:
  m_ObjectHideFlags: 0
  serializedVersion: 2
  m_Modification:
    m_TransformParent: {fileID: 1083588742}
    m_Modifications:
    - target: {fileID: 400036, guid: 8cc2fa9d4eeb2e646aeceb6bd2b0bce9, type: 3}
      propertyPath: m_LocalPosition.x
      value: 10.832031
      objectReference: {fileID: 0}
    - target: {fileID: 400036, guid: 8cc2fa9d4eeb2e646aeceb6bd2b0bce9, type: 3}
      propertyPath: m_LocalPosition.y
      value: -8.857417
      objectReference: {fileID: 0}
    - target: {fileID: 400036, guid: 8cc2fa9d4eeb2e646aeceb6bd2b0bce9, type: 3}
      propertyPath: m_LocalPosition.z
      value: 25.88031
      objectReference: {fileID: 0}
    - target: {fileID: 400036, guid: 8cc2fa9d4eeb2e646aeceb6bd2b0bce9, type: 3}
      propertyPath: m_LocalRotation.x
      value: -0.33808523
      objectReference: {fileID: 0}
    - target: {fileID: 400036, guid: 8cc2fa9d4eeb2e646aeceb6bd2b0bce9, type: 3}
      propertyPath: m_LocalRotation.y
      value: 0.62104636
      objectReference: {fileID: 0}
    - target: {fileID: 400036, guid: 8cc2fa9d4eeb2e646aeceb6bd2b0bce9, type: 3}
      propertyPath: m_LocalRotation.z
      value: 0.62104607
      objectReference: {fileID: 0}
    - target: {fileID: 400036, guid: 8cc2fa9d4eeb2e646aeceb6bd2b0bce9, type: 3}
      propertyPath: m_LocalRotation.w
      value: 0.3380852
      objectReference: {fileID: 0}
    - target: {fileID: 400036, guid: 8cc2fa9d4eeb2e646aeceb6bd2b0bce9, type: 3}
      propertyPath: m_RootOrder
      value: 4
      objectReference: {fileID: 0}
    - target: {fileID: 100036, guid: 8cc2fa9d4eeb2e646aeceb6bd2b0bce9, type: 3}
      propertyPath: m_Name
      value: PMedievalHouse (1)
      objectReference: {fileID: 0}
    m_RemovedComponents: []
  m_ParentPrefab: {fileID: 100100000, guid: 8cc2fa9d4eeb2e646aeceb6bd2b0bce9, type: 3}
  m_IsPrefabParent: 0
--- !u!4 &357569280 stripped
Transform:
  m_PrefabParentObject: {fileID: 400036, guid: 8cc2fa9d4eeb2e646aeceb6bd2b0bce9, type: 3}
  m_PrefabInternal: {fileID: 357569279}
--- !u!1001 &416869942
Prefab:
  m_ObjectHideFlags: 0
  serializedVersion: 2
  m_Modification:
    m_TransformParent: {fileID: 0}
    m_Modifications:
    - target: {fileID: 400000, guid: be9049449b0d71a4e8628c0c60a5dd8e, type: 2}
      propertyPath: m_LocalPosition.x
      value: 248.77234
      objectReference: {fileID: 0}
    - target: {fileID: 400000, guid: be9049449b0d71a4e8628c0c60a5dd8e, type: 2}
      propertyPath: m_LocalPosition.y
      value: 5.01
      objectReference: {fileID: 0}
    - target: {fileID: 400000, guid: be9049449b0d71a4e8628c0c60a5dd8e, type: 2}
      propertyPath: m_LocalPosition.z
      value: 311.15875
      objectReference: {fileID: 0}
    - target: {fileID: 400000, guid: be9049449b0d71a4e8628c0c60a5dd8e, type: 2}
      propertyPath: m_LocalRotation.x
      value: -0.7071069
      objectReference: {fileID: 0}
    - target: {fileID: 400000, guid: be9049449b0d71a4e8628c0c60a5dd8e, type: 2}
      propertyPath: m_LocalRotation.y
      value: 0
      objectReference: {fileID: 0}
    - target: {fileID: 400000, guid: be9049449b0d71a4e8628c0c60a5dd8e, type: 2}
      propertyPath: m_LocalRotation.z
      value: 0
      objectReference: {fileID: 0}
    - target: {fileID: 400000, guid: be9049449b0d71a4e8628c0c60a5dd8e, type: 2}
      propertyPath: m_LocalRotation.w
      value: 0.70710677
      objectReference: {fileID: 0}
    - target: {fileID: 400000, guid: be9049449b0d71a4e8628c0c60a5dd8e, type: 2}
      propertyPath: m_RootOrder
      value: 3
      objectReference: {fileID: 0}
    - target: {fileID: 400000, guid: be9049449b0d71a4e8628c0c60a5dd8e, type: 2}
      propertyPath: m_LocalScale.y
      value: 1.441842
      objectReference: {fileID: 0}
    - target: {fileID: 2300000, guid: be9049449b0d71a4e8628c0c60a5dd8e, type: 2}
      propertyPath: m_Materials.Array.data[0]
      value: 
      objectReference: {fileID: 2100000, guid: ed38b166cc28b804abd65493d503e4d0, type: 2}
    - target: {fileID: 400000, guid: be9049449b0d71a4e8628c0c60a5dd8e, type: 2}
      propertyPath: m_LocalScale.z
      value: 5.3249745
      objectReference: {fileID: 0}
    m_RemovedComponents: []
  m_ParentPrefab: {fileID: 100100000, guid: be9049449b0d71a4e8628c0c60a5dd8e, type: 2}
  m_IsPrefabParent: 0
--- !u!1001 &864435678
Prefab:
  m_ObjectHideFlags: 0
  serializedVersion: 2
  m_Modification:
    m_TransformParent: {fileID: 1083588742}
    m_Modifications:
    - target: {fileID: 400036, guid: 8cc2fa9d4eeb2e646aeceb6bd2b0bce9, type: 3}
      propertyPath: m_LocalPosition.x
      value: -35.647964
      objectReference: {fileID: 0}
    - target: {fileID: 400036, guid: 8cc2fa9d4eeb2e646aeceb6bd2b0bce9, type: 3}
      propertyPath: m_LocalPosition.y
      value: -8.857417
      objectReference: {fileID: 0}
    - target: {fileID: 400036, guid: 8cc2fa9d4eeb2e646aeceb6bd2b0bce9, type: 3}
      propertyPath: m_LocalPosition.z
      value: 1.010315
      objectReference: {fileID: 0}
    - target: {fileID: 400036, guid: 8cc2fa9d4eeb2e646aeceb6bd2b0bce9, type: 3}
      propertyPath: m_LocalRotation.x
      value: -0.7061518
      objectReference: {fileID: 0}
    - target: {fileID: 400036, guid: 8cc2fa9d4eeb2e646aeceb6bd2b0bce9, type: 3}
      propertyPath: m_LocalRotation.y
      value: -0.036740605
      objectReference: {fileID: 0}
    - target: {fileID: 400036, guid: 8cc2fa9d4eeb2e646aeceb6bd2b0bce9, type: 3}
      propertyPath: m_LocalRotation.z
      value: -0.036740668
      objectReference: {fileID: 0}
    - target: {fileID: 400036, guid: 8cc2fa9d4eeb2e646aeceb6bd2b0bce9, type: 3}
      propertyPath: m_LocalRotation.w
      value: 0.70615155
      objectReference: {fileID: 0}
    - target: {fileID: 400036, guid: 8cc2fa9d4eeb2e646aeceb6bd2b0bce9, type: 3}
      propertyPath: m_RootOrder
      value: 5
      objectReference: {fileID: 0}
    - target: {fileID: 100036, guid: 8cc2fa9d4eeb2e646aeceb6bd2b0bce9, type: 3}
      propertyPath: m_Name
      value: PMedievalHouse (2)
      objectReference: {fileID: 0}
    - target: {fileID: 400036, guid: 8cc2fa9d4eeb2e646aeceb6bd2b0bce9, type: 3}
      propertyPath: m_LocalScale.x
      value: 1
      objectReference: {fileID: 0}
    m_RemovedComponents: []
  m_ParentPrefab: {fileID: 100100000, guid: 8cc2fa9d4eeb2e646aeceb6bd2b0bce9, type: 3}
  m_IsPrefabParent: 0
--- !u!4 &864435679 stripped
Transform:
  m_PrefabParentObject: {fileID: 400036, guid: 8cc2fa9d4eeb2e646aeceb6bd2b0bce9, type: 3}
  m_PrefabInternal: {fileID: 864435678}
--- !u!1 &905263783
GameObject:
  m_ObjectHideFlags: 0
  m_PrefabParentObject: {fileID: 0}
  m_PrefabInternal: {fileID: 0}
  serializedVersion: 4
  m_Component:
  - 4: {fileID: 905263784}
  - 33: {fileID: 905263787}
  - 65: {fileID: 905263786}
  - 23: {fileID: 905263785}
  - 65: {fileID: 905263788}
  m_Layer: 0
  m_Name: DungeonDoor
  m_TagString: DungeonDoor
  m_Icon: {fileID: 0}
  m_NavMeshLayer: 0
  m_StaticEditorFlags: 0
  m_IsActive: 1
--- !u!4 &905263784
Transform:
  m_ObjectHideFlags: 0
  m_PrefabParentObject: {fileID: 0}
  m_PrefabInternal: {fileID: 0}
  m_GameObject: {fileID: 905263783}
  m_LocalRotation: {x: 0, y: 0.009890674, z: 0, w: 0.9999511}
  m_LocalPosition: {x: 248.4, y: 2.75, z: 308.71}
  m_LocalScale: {x: 4.703627, y: 7.0476723, z: 0.183976}
  m_Children: []
  m_Father: {fileID: 0}
  m_RootOrder: 4
--- !u!23 &905263785
MeshRenderer:
  m_ObjectHideFlags: 0
  m_PrefabParentObject: {fileID: 0}
  m_PrefabInternal: {fileID: 0}
  m_GameObject: {fileID: 905263783}
  m_Enabled: 1
  m_CastShadows: 1
  m_ReceiveShadows: 1
  m_Materials:
  - {fileID: 2100000, guid: 6b5e7d7753c7cd940946295600fb0e96, type: 2}
  m_SubsetIndices: 
  m_StaticBatchRoot: {fileID: 0}
  m_UseLightProbes: 1
  m_ReflectionProbeUsage: 1
  m_ProbeAnchor: {fileID: 0}
  m_ScaleInLightmap: 1
  m_PreserveUVs: 1
  m_IgnoreNormalsForChartDetection: 0
  m_ImportantGI: 0
  m_MinimumChartSize: 4
  m_AutoUVMaxDistance: 0.5
  m_AutoUVMaxAngle: 89
  m_LightmapParameters: {fileID: 0}
  m_SortingLayerID: 0
  m_SortingOrder: 0
--- !u!65 &905263786
BoxCollider:
  m_ObjectHideFlags: 0
  m_PrefabParentObject: {fileID: 0}
  m_PrefabInternal: {fileID: 0}
  m_GameObject: {fileID: 905263783}
  m_Material: {fileID: 0}
  m_IsTrigger: 0
  m_Enabled: 1
  serializedVersion: 2
  m_Size: {x: 1, y: 1, z: 1}
  m_Center: {x: 0, y: 0, z: 0}
--- !u!33 &905263787
MeshFilter:
  m_ObjectHideFlags: 0
  m_PrefabParentObject: {fileID: 0}
  m_PrefabInternal: {fileID: 0}
  m_GameObject: {fileID: 905263783}
  m_Mesh: {fileID: 10202, guid: 0000000000000000e000000000000000, type: 0}
--- !u!65 &905263788
BoxCollider:
  m_ObjectHideFlags: 0
  m_PrefabParentObject: {fileID: 0}
  m_PrefabInternal: {fileID: 0}
  m_GameObject: {fileID: 905263783}
  m_Material: {fileID: 0}
  m_IsTrigger: 0
  m_Enabled: 1
  serializedVersion: 2
  m_Size: {x: 1, y: 1, z: 1}
  m_Center: {x: 0, y: 0, z: 0}
--- !u!1001 &1034474328
Prefab:
  m_ObjectHideFlags: 0
  serializedVersion: 2
  m_Modification:
    m_TransformParent: {fileID: 0}
    m_Modifications:
    - target: {fileID: 400000, guid: d9d1fbfcf69364ffd8f9c6ade9ce90fe, type: 2}
      propertyPath: m_LocalPosition.x
      value: 218.59
      objectReference: {fileID: 0}
    - target: {fileID: 400000, guid: d9d1fbfcf69364ffd8f9c6ade9ce90fe, type: 2}
      propertyPath: m_LocalPosition.y
      value: 0.83
      objectReference: {fileID: 0}
    - target: {fileID: 400000, guid: d9d1fbfcf69364ffd8f9c6ade9ce90fe, type: 2}
      propertyPath: m_LocalPosition.z
      value: 231.37
      objectReference: {fileID: 0}
    - target: {fileID: 400000, guid: d9d1fbfcf69364ffd8f9c6ade9ce90fe, type: 2}
      propertyPath: m_LocalRotation.x
      value: 0.00000031987634
      objectReference: {fileID: 0}
    - target: {fileID: 400000, guid: d9d1fbfcf69364ffd8f9c6ade9ce90fe, type: 2}
      propertyPath: m_LocalRotation.y
      value: -0.7170385
      objectReference: {fileID: 0}
    - target: {fileID: 400000, guid: d9d1fbfcf69364ffd8f9c6ade9ce90fe, type: 2}
      propertyPath: m_LocalRotation.z
      value: 0.0000000014037542
      objectReference: {fileID: 0}
    - target: {fileID: 400000, guid: d9d1fbfcf69364ffd8f9c6ade9ce90fe, type: 2}
      propertyPath: m_LocalRotation.w
      value: -0.69703364
      objectReference: {fileID: 0}
    - target: {fileID: 400000, guid: d9d1fbfcf69364ffd8f9c6ade9ce90fe, type: 2}
      propertyPath: m_RootOrder
      value: 9
      objectReference: {fileID: 0}
    - target: {fileID: 400000, guid: d9d1fbfcf69364ffd8f9c6ade9ce90fe, type: 2}
      propertyPath: m_LocalScale.x
      value: 3.4033687
      objectReference: {fileID: 0}
    - target: {fileID: 400000, guid: d9d1fbfcf69364ffd8f9c6ade9ce90fe, type: 2}
      propertyPath: m_LocalScale.y
      value: 3.4033685
      objectReference: {fileID: 0}
    - target: {fileID: 400000, guid: d9d1fbfcf69364ffd8f9c6ade9ce90fe, type: 2}
      propertyPath: m_LocalScale.z
      value: 3.4033685
      objectReference: {fileID: 0}
    - target: {fileID: 100000, guid: d9d1fbfcf69364ffd8f9c6ade9ce90fe, type: 2}
      propertyPath: m_Name
      value: cliff (1)
      objectReference: {fileID: 0}
    m_RemovedComponents: []
  m_ParentPrefab: {fileID: 100100000, guid: d9d1fbfcf69364ffd8f9c6ade9ce90fe, type: 2}
  m_IsPrefabParent: 0
--- !u!1001 &1036128782
Prefab:
  m_ObjectHideFlags: 0
  serializedVersion: 2
  m_Modification:
    m_TransformParent: {fileID: 0}
    m_Modifications:
    - target: {fileID: 400000, guid: d9d1fbfcf69364ffd8f9c6ade9ce90fe, type: 2}
      propertyPath: m_LocalPosition.x
      value: 306.2
      objectReference: {fileID: 0}
    - target: {fileID: 400000, guid: d9d1fbfcf69364ffd8f9c6ade9ce90fe, type: 2}
      propertyPath: m_LocalPosition.y
      value: 0.8
      objectReference: {fileID: 0}
    - target: {fileID: 400000, guid: d9d1fbfcf69364ffd8f9c6ade9ce90fe, type: 2}
      propertyPath: m_LocalPosition.z
      value: 279.8
      objectReference: {fileID: 0}
    - target: {fileID: 400000, guid: d9d1fbfcf69364ffd8f9c6ade9ce90fe, type: 2}
      propertyPath: m_LocalRotation.x
      value: -0.00000012115879
      objectReference: {fileID: 0}
    - target: {fileID: 400000, guid: d9d1fbfcf69364ffd8f9c6ade9ce90fe, type: 2}
      propertyPath: m_LocalRotation.y
      value: 0.91843307
      objectReference: {fileID: 0}
    - target: {fileID: 400000, guid: d9d1fbfcf69364ffd8f9c6ade9ce90fe, type: 2}
      propertyPath: m_LocalRotation.z
      value: -0.00000029604624
      objectReference: {fileID: 0}
    - target: {fileID: 400000, guid: d9d1fbfcf69364ffd8f9c6ade9ce90fe, type: 2}
      propertyPath: m_LocalRotation.w
      value: -0.39557636
      objectReference: {fileID: 0}
    - target: {fileID: 400000, guid: d9d1fbfcf69364ffd8f9c6ade9ce90fe, type: 2}
      propertyPath: m_RootOrder
      value: 10
      objectReference: {fileID: 0}
    - target: {fileID: 400000, guid: d9d1fbfcf69364ffd8f9c6ade9ce90fe, type: 2}
      propertyPath: m_LocalScale.x
      value: 3.4033687
      objectReference: {fileID: 0}
    - target: {fileID: 400000, guid: d9d1fbfcf69364ffd8f9c6ade9ce90fe, type: 2}
      propertyPath: m_LocalScale.y
      value: 3.4033685
      objectReference: {fileID: 0}
    - target: {fileID: 400000, guid: d9d1fbfcf69364ffd8f9c6ade9ce90fe, type: 2}
      propertyPath: m_LocalScale.z
      value: 3.4033685
      objectReference: {fileID: 0}
    - target: {fileID: 100000, guid: d9d1fbfcf69364ffd8f9c6ade9ce90fe, type: 2}
      propertyPath: m_Name
      value: cliff (2)
      objectReference: {fileID: 0}
    m_RemovedComponents: []
  m_ParentPrefab: {fileID: 100100000, guid: d9d1fbfcf69364ffd8f9c6ade9ce90fe, type: 2}
  m_IsPrefabParent: 0
--- !u!1 &1083588741
GameObject:
  m_ObjectHideFlags: 0
  m_PrefabParentObject: {fileID: 0}
  m_PrefabInternal: {fileID: 0}
  serializedVersion: 4
  m_Component:
  - 4: {fileID: 1083588742}
  m_Layer: 0
  m_Name: Houses
  m_TagString: Untagged
  m_Icon: {fileID: 0}
  m_NavMeshLayer: 0
  m_StaticEditorFlags: 0
  m_IsActive: 1
--- !u!4 &1083588742
Transform:
  m_ObjectHideFlags: 0
  m_PrefabParentObject: {fileID: 0}
  m_PrefabInternal: {fileID: 0}
  m_GameObject: {fileID: 1083588741}
  m_LocalRotation: {x: 0, y: 0, z: 0, w: 1}
  m_LocalPosition: {x: 274.78796, y: 8.847417, z: 244.63968}
  m_LocalScale: {x: 1, y: 1, z: 1}
  m_Children:
  - {fileID: 1530110896}
  - {fileID: 1315014519}
  - {fileID: 1284193269}
  - {fileID: 1796085259}
  - {fileID: 357569280}
  - {fileID: 864435679}
  - {fileID: 276228766}
  m_Father: {fileID: 0}
  m_RootOrder: 6
--- !u!1001 &1131061374
Prefab:
  m_ObjectHideFlags: 0
  serializedVersion: 2
  m_Modification:
    m_TransformParent: {fileID: 0}
    m_Modifications:
    - target: {fileID: 400000, guid: d9d1fbfcf69364ffd8f9c6ade9ce90fe, type: 2}
      propertyPath: m_LocalPosition.x
      value: 210.26741
      objectReference: {fileID: 0}
    - target: {fileID: 400000, guid: d9d1fbfcf69364ffd8f9c6ade9ce90fe, type: 2}
      propertyPath: m_LocalPosition.y
      value: 0.8299999
      objectReference: {fileID: 0}
    - target: {fileID: 400000, guid: d9d1fbfcf69364ffd8f9c6ade9ce90fe, type: 2}
      propertyPath: m_LocalPosition.z
      value: 271.87787
      objectReference: {fileID: 0}
    - target: {fileID: 400000, guid: d9d1fbfcf69364ffd8f9c6ade9ce90fe, type: 2}
      propertyPath: m_LocalRotation.x
      value: 0.00000031823993
      objectReference: {fileID: 0}
    - target: {fileID: 400000, guid: d9d1fbfcf69364ffd8f9c6ade9ce90fe, type: 2}
      propertyPath: m_LocalRotation.y
      value: -0.63951486
      objectReference: {fileID: 0}
    - target: {fileID: 400000, guid: d9d1fbfcf69364ffd8f9c6ade9ce90fe, type: 2}
      propertyPath: m_LocalRotation.z
      value: -0.00000003234481
      objectReference: {fileID: 0}
    - target: {fileID: 400000, guid: d9d1fbfcf69364ffd8f9c6ade9ce90fe, type: 2}
      propertyPath: m_LocalRotation.w
      value: -0.76877874
      objectReference: {fileID: 0}
    - target: {fileID: 400000, guid: d9d1fbfcf69364ffd8f9c6ade9ce90fe, type: 2}
      propertyPath: m_RootOrder
      value: 1
      objectReference: {fileID: 0}
    - target: {fileID: 400000, guid: d9d1fbfcf69364ffd8f9c6ade9ce90fe, type: 2}
      propertyPath: m_LocalScale.x
      value: 3.4033687
      objectReference: {fileID: 0}
    - target: {fileID: 400000, guid: d9d1fbfcf69364ffd8f9c6ade9ce90fe, type: 2}
      propertyPath: m_LocalScale.y
      value: 3.4033685
      objectReference: {fileID: 0}
    - target: {fileID: 400000, guid: d9d1fbfcf69364ffd8f9c6ade9ce90fe, type: 2}
      propertyPath: m_LocalScale.z
      value: 3.4033685
      objectReference: {fileID: 0}
    m_RemovedComponents: []
  m_ParentPrefab: {fileID: 100100000, guid: d9d1fbfcf69364ffd8f9c6ade9ce90fe, type: 2}
  m_IsPrefabParent: 0
--- !u!1001 &1222822052
Prefab:
  m_ObjectHideFlags: 0
  serializedVersion: 2
  m_Modification:
    m_TransformParent: {fileID: 0}
    m_Modifications:
    - target: {fileID: 400000, guid: 43c244d9b4979dd498f4acf72b6e3efc, type: 2}
      propertyPath: m_LocalPosition.x
      value: 264.81
      objectReference: {fileID: 0}
    - target: {fileID: 400000, guid: 43c244d9b4979dd498f4acf72b6e3efc, type: 2}
      propertyPath: m_LocalPosition.y
      value: 7.76
      objectReference: {fileID: 0}
    - target: {fileID: 400000, guid: 43c244d9b4979dd498f4acf72b6e3efc, type: 2}
      propertyPath: m_LocalPosition.z
      value: 311.85
      objectReference: {fileID: 0}
    - target: {fileID: 400000, guid: 43c244d9b4979dd498f4acf72b6e3efc, type: 2}
      propertyPath: m_LocalRotation.x
      value: -0.7071069
      objectReference: {fileID: 0}
    - target: {fileID: 400000, guid: 43c244d9b4979dd498f4acf72b6e3efc, type: 2}
      propertyPath: m_LocalRotation.y
      value: 0
      objectReference: {fileID: 0}
    - target: {fileID: 400000, guid: 43c244d9b4979dd498f4acf72b6e3efc, type: 2}
      propertyPath: m_LocalRotation.z
      value: 0
      objectReference: {fileID: 0}
    - target: {fileID: 400000, guid: 43c244d9b4979dd498f4acf72b6e3efc, type: 2}
      propertyPath: m_LocalRotation.w
      value: 0.70710677
      objectReference: {fileID: 0}
    - target: {fileID: 400000, guid: 43c244d9b4979dd498f4acf72b6e3efc, type: 2}
      propertyPath: m_RootOrder
      value: 1
      objectReference: {fileID: 0}
    - target: {fileID: 400000, guid: 43c244d9b4979dd498f4acf72b6e3efc, type: 2}
      propertyPath: m_LocalScale.x
      value: 2.53193
      objectReference: {fileID: 0}
    - target: {fileID: 400000, guid: 43c244d9b4979dd498f4acf72b6e3efc, type: 2}
      propertyPath: m_LocalScale.y
      value: 2.53193
      objectReference: {fileID: 0}
    - target: {fileID: 400000, guid: 43c244d9b4979dd498f4acf72b6e3efc, type: 2}
      propertyPath: m_LocalScale.z
      value: 3.5256724
      objectReference: {fileID: 0}
    - target: {fileID: 2300000, guid: 43c244d9b4979dd498f4acf72b6e3efc, type: 2}
      propertyPath: m_Materials.Array.data[0]
      value: 
      objectReference: {fileID: 2100000, guid: ed38b166cc28b804abd65493d503e4d0, type: 2}
    m_RemovedComponents: []
  m_ParentPrefab: {fileID: 100100000, guid: 43c244d9b4979dd498f4acf72b6e3efc, type: 2}
  m_IsPrefabParent: 0
--- !u!1001 &1284193268
Prefab:
  m_ObjectHideFlags: 0
  serializedVersion: 2
  m_Modification:
    m_TransformParent: {fileID: 1083588742}
    m_Modifications:
    - target: {fileID: 400036, guid: 8cc2fa9d4eeb2e646aeceb6bd2b0bce9, type: 3}
      propertyPath: m_LocalPosition.x
      value: 19.12204
      objectReference: {fileID: 0}
    - target: {fileID: 400036, guid: 8cc2fa9d4eeb2e646aeceb6bd2b0bce9, type: 3}
      propertyPath: m_LocalPosition.y
      value: -8.857417
      objectReference: {fileID: 0}
    - target: {fileID: 400036, guid: 8cc2fa9d4eeb2e646aeceb6bd2b0bce9, type: 3}
      propertyPath: m_LocalPosition.z
      value: 14.780334
      objectReference: {fileID: 0}
    - target: {fileID: 400036, guid: 8cc2fa9d4eeb2e646aeceb6bd2b0bce9, type: 3}
      propertyPath: m_LocalRotation.x
      value: -0.18431918
      objectReference: {fileID: 0}
    - target: {fileID: 400036, guid: 8cc2fa9d4eeb2e646aeceb6bd2b0bce9, type: 3}
      propertyPath: m_LocalRotation.y
      value: 0.6826615
      objectReference: {fileID: 0}
    - target: {fileID: 400036, guid: 8cc2fa9d4eeb2e646aeceb6bd2b0bce9, type: 3}
      propertyPath: m_LocalRotation.z
      value: 0.6826612
      objectReference: {fileID: 0}
    - target: {fileID: 400036, guid: 8cc2fa9d4eeb2e646aeceb6bd2b0bce9, type: 3}
      propertyPath: m_LocalRotation.w
      value: 0.18431926
      objectReference: {fileID: 0}
    - target: {fileID: 400036, guid: 8cc2fa9d4eeb2e646aeceb6bd2b0bce9, type: 3}
      propertyPath: m_RootOrder
      value: 2
      objectReference: {fileID: 0}
    m_RemovedComponents: []
  m_ParentPrefab: {fileID: 100100000, guid: 8cc2fa9d4eeb2e646aeceb6bd2b0bce9, type: 3}
  m_IsPrefabParent: 0
--- !u!4 &1284193269 stripped
Transform:
  m_PrefabParentObject: {fileID: 400036, guid: 8cc2fa9d4eeb2e646aeceb6bd2b0bce9, type: 3}
  m_PrefabInternal: {fileID: 1284193268}
--- !u!1 &1307024107
GameObject:
  m_ObjectHideFlags: 0
  m_PrefabParentObject: {fileID: 0}
  m_PrefabInternal: {fileID: 0}
  serializedVersion: 4
  m_Component:
  - 4: {fileID: 1307024110}
  - 218: {fileID: 1307024109}
  - 154: {fileID: 1307024108}
  m_Layer: 0
  m_Name: Terrain
  m_TagString: Untagged
  m_Icon: {fileID: 0}
  m_NavMeshLayer: 0
  m_StaticEditorFlags: 4294967295
  m_IsActive: 1
--- !u!154 &1307024108
TerrainCollider:
  m_ObjectHideFlags: 0
  m_PrefabParentObject: {fileID: 0}
  m_PrefabInternal: {fileID: 0}
  m_GameObject: {fileID: 1307024107}
  m_Material: {fileID: 0}
  m_Enabled: 1
  m_TerrainData: {fileID: 15600000, guid: 82d98d569ab6bab42b2a0aaa724dfc30, type: 2}
  m_EnableTreeColliders: 1
--- !u!218 &1307024109
Terrain:
  m_ObjectHideFlags: 0
  m_PrefabParentObject: {fileID: 0}
  m_PrefabInternal: {fileID: 0}
  m_GameObject: {fileID: 1307024107}
  m_Enabled: 1
  serializedVersion: 3
  m_TerrainData: {fileID: 15600000, guid: 82d98d569ab6bab42b2a0aaa724dfc30, type: 2}
  m_TreeDistance: 2000
  m_TreeBillboardDistance: 50
  m_TreeCrossFadeLength: 5
  m_TreeMaximumFullLODCount: 50
  m_DetailObjectDistance: 193.6
  m_DetailObjectDensity: 1
  m_HeightmapPixelError: 5
  m_SplatMapDistance: 1000
  m_HeightmapMaximumLOD: 0
  m_CastShadows: 1
  m_DrawHeightmap: 1
  m_DrawTreesAndFoliage: 1
  m_ReflectionProbeUsage: 1
  m_MaterialType: 0
  m_LegacySpecular:
    serializedVersion: 2
    rgba: 4286545791
  m_LegacyShininess: 0.078125
  m_MaterialTemplate: {fileID: 0}
  m_BakeLightProbesForTrees: 1
  m_ScaleInLightmap: 0.0512
  m_LightmapParameters: {fileID: 15203, guid: 0000000000000000f000000000000000, type: 0}
--- !u!4 &1307024110
Transform:
  m_ObjectHideFlags: 0
  m_PrefabParentObject: {fileID: 0}
  m_PrefabInternal: {fileID: 0}
  m_GameObject: {fileID: 1307024107}
  m_LocalRotation: {x: 0, y: 0, z: 0, w: 1}
  m_LocalPosition: {x: 0, y: 0, z: 0}
  m_LocalScale: {x: 1, y: 1, z: 1}
  m_Children: []
  m_Father: {fileID: 0}
  m_RootOrder: 5
--- !u!1001 &1315014518
Prefab:
  m_ObjectHideFlags: 0
  serializedVersion: 2
  m_Modification:
    m_TransformParent: {fileID: 1083588742}
    m_Modifications:
    - target: {fileID: 400002, guid: 53926730fc437284db2f3395236ceb57, type: 3}
      propertyPath: m_LocalPosition.x
      value: -39.02243
      objectReference: {fileID: 0}
    - target: {fileID: 400002, guid: 53926730fc437284db2f3395236ceb57, type: 3}
      propertyPath: m_LocalPosition.y
      value: -9.107417
      objectReference: {fileID: 0}
    - target: {fileID: 400002, guid: 53926730fc437284db2f3395236ceb57, type: 3}
      propertyPath: m_LocalPosition.z
      value: 15.235321
      objectReference: {fileID: 0}
    - target: {fileID: 400002, guid: 53926730fc437284db2f3395236ceb57, type: 3}
      propertyPath: m_LocalRotation.x
      value: 0
      objectReference: {fileID: 0}
    - target: {fileID: 400002, guid: 53926730fc437284db2f3395236ceb57, type: 3}
      propertyPath: m_LocalRotation.y
      value: 0.81487536
      objectReference: {fileID: 0}
    - target: {fileID: 400002, guid: 53926730fc437284db2f3395236ceb57, type: 3}
      propertyPath: m_LocalRotation.z
      value: 0
      objectReference: {fileID: 0}
    - target: {fileID: 400002, guid: 53926730fc437284db2f3395236ceb57, type: 3}
      propertyPath: m_LocalRotation.w
      value: 0.5796363
      objectReference: {fileID: 0}
    - target: {fileID: 400002, guid: 53926730fc437284db2f3395236ceb57, type: 3}
      propertyPath: m_RootOrder
      value: 1
      objectReference: {fileID: 0}
    - target: {fileID: 400002, guid: 53926730fc437284db2f3395236ceb57, type: 3}
      propertyPath: m_LocalScale.x
      value: 0.038441703
      objectReference: {fileID: 0}
    - target: {fileID: 400002, guid: 53926730fc437284db2f3395236ceb57, type: 3}
      propertyPath: m_LocalScale.y
      value: 0.038441766
      objectReference: {fileID: 0}
    - target: {fileID: 400002, guid: 53926730fc437284db2f3395236ceb57, type: 3}
      propertyPath: m_LocalScale.z
      value: 0.038441762
      objectReference: {fileID: 0}
    m_RemovedComponents: []
  m_ParentPrefab: {fileID: 100100000, guid: 53926730fc437284db2f3395236ceb57, type: 3}
  m_IsPrefabParent: 0
--- !u!4 &1315014519 stripped
Transform:
  m_PrefabParentObject: {fileID: 400002, guid: 53926730fc437284db2f3395236ceb57, type: 3}
  m_PrefabInternal: {fileID: 1315014518}
--- !u!1001 &1510233167
Prefab:
  m_ObjectHideFlags: 0
  serializedVersion: 2
  m_Modification:
    m_TransformParent: {fileID: 0}
    m_Modifications:
    - target: {fileID: 400000, guid: d9d1fbfcf69364ffd8f9c6ade9ce90fe, type: 2}
      propertyPath: m_LocalPosition.x
      value: 309.74
      objectReference: {fileID: 0}
    - target: {fileID: 400000, guid: d9d1fbfcf69364ffd8f9c6ade9ce90fe, type: 2}
      propertyPath: m_LocalPosition.y
      value: -0.19
      objectReference: {fileID: 0}
    - target: {fileID: 400000, guid: d9d1fbfcf69364ffd8f9c6ade9ce90fe, type: 2}
      propertyPath: m_LocalPosition.z
      value: 201.41
      objectReference: {fileID: 0}
    - target: {fileID: 400000, guid: d9d1fbfcf69364ffd8f9c6ade9ce90fe, type: 2}
      propertyPath: m_LocalRotation.x
      value: 0.00000001885275
      objectReference: {fileID: 0}
    - target: {fileID: 400000, guid: d9d1fbfcf69364ffd8f9c6ade9ce90fe, type: 2}
      propertyPath: m_LocalRotation.y
      value: 0.65687704
      objectReference: {fileID: 0}
    - target: {fileID: 400000, guid: d9d1fbfcf69364ffd8f9c6ade9ce90fe, type: 2}
      propertyPath: m_LocalRotation.z
      value: -0.00000031932336
      objectReference: {fileID: 0}
    - target: {fileID: 400000, guid: d9d1fbfcf69364ffd8f9c6ade9ce90fe, type: 2}
      propertyPath: m_LocalRotation.w
      value: -0.75399774
      objectReference: {fileID: 0}
    - target: {fileID: 400000, guid: d9d1fbfcf69364ffd8f9c6ade9ce90fe, type: 2}
      propertyPath: m_RootOrder
      value: 11
      objectReference: {fileID: 0}
    - target: {fileID: 400000, guid: d9d1fbfcf69364ffd8f9c6ade9ce90fe, type: 2}
      propertyPath: m_LocalScale.x
      value: 3.4033687
      objectReference: {fileID: 0}
    - target: {fileID: 400000, guid: d9d1fbfcf69364ffd8f9c6ade9ce90fe, type: 2}
      propertyPath: m_LocalScale.y
      value: 3.4033685
      objectReference: {fileID: 0}
    - target: {fileID: 400000, guid: d9d1fbfcf69364ffd8f9c6ade9ce90fe, type: 2}
      propertyPath: m_LocalScale.z
      value: 3.4033685
      objectReference: {fileID: 0}
    - target: {fileID: 100000, guid: d9d1fbfcf69364ffd8f9c6ade9ce90fe, type: 2}
      propertyPath: m_Name
      value: cliff (3)
      objectReference: {fileID: 0}
    m_RemovedComponents: []
  m_ParentPrefab: {fileID: 100100000, guid: d9d1fbfcf69364ffd8f9c6ade9ce90fe, type: 2}
  m_IsPrefabParent: 0
--- !u!1001 &1525284608
Prefab:
  m_ObjectHideFlags: 0
  serializedVersion: 2
  m_Modification:
    m_TransformParent: {fileID: 0}
    m_Modifications:
    - target: {fileID: 400000, guid: d39d597ebf9fea44bbe39b78ba8c1b3e, type: 2}
      propertyPath: m_LocalPosition.x
      value: 248.29063
      objectReference: {fileID: 0}
    - target: {fileID: 400000, guid: d39d597ebf9fea44bbe39b78ba8c1b3e, type: 2}
      propertyPath: m_LocalPosition.y
      value: 3.12
      objectReference: {fileID: 0}
    - target: {fileID: 400000, guid: d39d597ebf9fea44bbe39b78ba8c1b3e, type: 2}
      propertyPath: m_LocalPosition.z
      value: 311.33
      objectReference: {fileID: 0}
    - target: {fileID: 400000, guid: d39d597ebf9fea44bbe39b78ba8c1b3e, type: 2}
      propertyPath: m_LocalRotation.x
      value: -0.7071069
      objectReference: {fileID: 0}
    - target: {fileID: 400000, guid: d39d597ebf9fea44bbe39b78ba8c1b3e, type: 2}
      propertyPath: m_LocalRotation.y
      value: 0
      objectReference: {fileID: 0}
    - target: {fileID: 400000, guid: d39d597ebf9fea44bbe39b78ba8c1b3e, type: 2}
      propertyPath: m_LocalRotation.z
      value: 0
      objectReference: {fileID: 0}
    - target: {fileID: 400000, guid: d39d597ebf9fea44bbe39b78ba8c1b3e, type: 2}
      propertyPath: m_LocalRotation.w
      value: 0.70710677
      objectReference: {fileID: 0}
    - target: {fileID: 400000, guid: d39d597ebf9fea44bbe39b78ba8c1b3e, type: 2}
      propertyPath: m_RootOrder
      value: 2
      objectReference: {fileID: 0}
    - target: {fileID: 400000, guid: d39d597ebf9fea44bbe39b78ba8c1b3e, type: 2}
      propertyPath: m_LocalScale.x
      value: 3.4
      objectReference: {fileID: 0}
    - target: {fileID: 400000, guid: d39d597ebf9fea44bbe39b78ba8c1b3e, type: 2}
      propertyPath: m_LocalScale.y
      value: 3.4
      objectReference: {fileID: 0}
    - target: {fileID: 400000, guid: d39d597ebf9fea44bbe39b78ba8c1b3e, type: 2}
      propertyPath: m_LocalScale.z
      value: 4.25
      objectReference: {fileID: 0}
    - target: {fileID: 2300000, guid: d39d597ebf9fea44bbe39b78ba8c1b3e, type: 2}
      propertyPath: m_Materials.Array.data[0]
      value: 
      objectReference: {fileID: 2100000, guid: ed38b166cc28b804abd65493d503e4d0, type: 2}
    m_RemovedComponents: []
  m_ParentPrefab: {fileID: 100100000, guid: d39d597ebf9fea44bbe39b78ba8c1b3e, type: 2}
  m_IsPrefabParent: 0
--- !u!1001 &1530110895
Prefab:
  m_ObjectHideFlags: 0
  serializedVersion: 2
  m_Modification:
    m_TransformParent: {fileID: 1083588742}
    m_Modifications:
    - target: {fileID: 400002, guid: b673541719e78774b840fd0b88fbe0b3, type: 3}
      propertyPath: m_LocalPosition.x
      value: 13.182037
      objectReference: {fileID: 0}
    - target: {fileID: 400002, guid: b673541719e78774b840fd0b88fbe0b3, type: 3}
      propertyPath: m_LocalPosition.y
      value: -8.957417
      objectReference: {fileID: 0}
    - target: {fileID: 400002, guid: b673541719e78774b840fd0b88fbe0b3, type: 3}
      propertyPath: m_LocalPosition.z
      value: -36.419678
      objectReference: {fileID: 0}
    - target: {fileID: 400002, guid: b673541719e78774b840fd0b88fbe0b3, type: 3}
      propertyPath: m_LocalRotation.x
      value: 0
      objectReference: {fileID: 0}
    - target: {fileID: 400002, guid: b673541719e78774b840fd0b88fbe0b3, type: 3}
      propertyPath: m_LocalRotation.y
      value: -0.8261496
      objectReference: {fileID: 0}
    - target: {fileID: 400002, guid: b673541719e78774b840fd0b88fbe0b3, type: 3}
      propertyPath: m_LocalRotation.z
      value: 0
      objectReference: {fileID: 0}
    - target: {fileID: 400002, guid: b673541719e78774b840fd0b88fbe0b3, type: 3}
      propertyPath: m_LocalRotation.w
      value: 0.56345093
      objectReference: {fileID: 0}
    - target: {fileID: 400002, guid: b673541719e78774b840fd0b88fbe0b3, type: 3}
      propertyPath: m_RootOrder
      value: 0
      objectReference: {fileID: 0}
    - target: {fileID: 400002, guid: b673541719e78774b840fd0b88fbe0b3, type: 3}
      propertyPath: m_LocalScale.x
      value: 0.012130024
      objectReference: {fileID: 0}
    - target: {fileID: 400002, guid: b673541719e78774b840fd0b88fbe0b3, type: 3}
      propertyPath: m_LocalScale.y
      value: 0.012130026
      objectReference: {fileID: 0}
    - target: {fileID: 400002, guid: b673541719e78774b840fd0b88fbe0b3, type: 3}
      propertyPath: m_LocalScale.z
      value: 0.012130026
      objectReference: {fileID: 0}
    m_RemovedComponents: []
  m_ParentPrefab: {fileID: 100100000, guid: b673541719e78774b840fd0b88fbe0b3, type: 3}
  m_IsPrefabParent: 0
--- !u!4 &1530110896 stripped
Transform:
  m_PrefabParentObject: {fileID: 400002, guid: b673541719e78774b840fd0b88fbe0b3, type: 3}
  m_PrefabInternal: {fileID: 1530110895}
--- !u!1 &1530183126
GameObject:
  m_ObjectHideFlags: 0
  m_PrefabParentObject: {fileID: 0}
  m_PrefabInternal: {fileID: 0}
  serializedVersion: 4
  m_Component:
  - 4: {fileID: 1530183128}
  - 108: {fileID: 1530183127}
  m_Layer: 0
  m_Name: Directional light
  m_TagString: Untagged
  m_Icon: {fileID: 0}
  m_NavMeshLayer: 0
  m_StaticEditorFlags: 0
  m_IsActive: 1
--- !u!108 &1530183127
Light:
  m_ObjectHideFlags: 0
  m_PrefabParentObject: {fileID: 0}
  m_PrefabInternal: {fileID: 0}
  m_GameObject: {fileID: 1530183126}
  m_Enabled: 1
  serializedVersion: 6
  m_Type: 1
  m_Color: {r: 1, g: 1, b: 1, a: 1}
  m_Intensity: 0.73
  m_Range: 10
  m_SpotAngle: 30
  m_CookieSize: 10
  m_Shadows:
    m_Type: 0
    m_Resolution: -1
    m_Strength: 1
    m_Bias: 0.05
    m_NormalBias: 0.4
    m_NearPlane: 0.2
  m_Cookie: {fileID: 0}
  m_DrawHalo: 0
  m_Flare: {fileID: 0}
  m_RenderMode: 0
  m_CullingMask:
    serializedVersion: 2
    m_Bits: 4294967295
  m_Lightmapping: 4
  m_BounceIntensity: 1
  m_ShadowRadius: 0
  m_ShadowAngle: 0
  m_AreaSize: {x: 1, y: 1}
--- !u!4 &1530183128
Transform:
  m_ObjectHideFlags: 0
  m_PrefabParentObject: {fileID: 0}
  m_PrefabInternal: {fileID: 0}
  m_GameObject: {fileID: 1530183126}
  m_LocalRotation: {x: 0.39131254, y: -0.61389077, z: 0.58394265, w: 0.35919854}
  m_LocalPosition: {x: 274.2, y: 66.44466, z: 259.8}
  m_LocalScale: {x: 1, y: 1, z: 1}
  m_Children: []
  m_Father: {fileID: 0}
  m_RootOrder: 12
--- !u!1 &1548382891
GameObject:
  m_ObjectHideFlags: 0
  m_PrefabParentObject: {fileID: 0}
  m_PrefabInternal: {fileID: 0}
  serializedVersion: 4
  m_Component:
  - 4: {fileID: 1548382896}
  - 20: {fileID: 1548382895}
  - 124: {fileID: 1548382894}
  - 92: {fileID: 1548382893}
  - 81: {fileID: 1548382892}
  m_Layer: 0
  m_Name: Camera
  m_TagString: Untagged
  m_Icon: {fileID: 0}
  m_NavMeshLayer: 0
  m_StaticEditorFlags: 0
  m_IsActive: 0
--- !u!81 &1548382892
AudioListener:
  m_ObjectHideFlags: 0
  m_PrefabParentObject: {fileID: 0}
  m_PrefabInternal: {fileID: 0}
  m_GameObject: {fileID: 1548382891}
  m_Enabled: 1
--- !u!92 &1548382893
Behaviour:
  m_ObjectHideFlags: 0
  m_PrefabParentObject: {fileID: 0}
  m_PrefabInternal: {fileID: 0}
  m_GameObject: {fileID: 1548382891}
  m_Enabled: 1
--- !u!124 &1548382894
Behaviour:
  m_ObjectHideFlags: 0
  m_PrefabParentObject: {fileID: 0}
  m_PrefabInternal: {fileID: 0}
  m_GameObject: {fileID: 1548382891}
  m_Enabled: 1
--- !u!20 &1548382895
Camera:
  m_ObjectHideFlags: 0
  m_PrefabParentObject: {fileID: 0}
  m_PrefabInternal: {fileID: 0}
  m_GameObject: {fileID: 1548382891}
  m_Enabled: 1
  serializedVersion: 2
  m_ClearFlags: 1
  m_BackGroundColor: {r: 0.19215687, g: 0.3019608, b: 0.4745098, a: 0.019607844}
  m_NormalizedViewPortRect:
    serializedVersion: 2
    x: 0
    y: 0
    width: 1
    height: 1
  near clip plane: 0.3
  far clip plane: 1000
  field of view: 60
  orthographic: 0
  orthographic size: 5
  m_Depth: 0
  m_CullingMask:
    serializedVersion: 2
    m_Bits: 4294967295
  m_RenderingPath: -1
  m_TargetTexture: {fileID: 0}
  m_TargetDisplay: 0
  m_TargetEye: 3
  m_HDR: 0
  m_OcclusionCulling: 1
  m_StereoConvergence: 10
  m_StereoSeparation: 0.022
  m_StereoMirrorMode: 0
--- !u!4 &1548382896
Transform:
  m_ObjectHideFlags: 0
  m_PrefabParentObject: {fileID: 0}
  m_PrefabInternal: {fileID: 0}
  m_GameObject: {fileID: 1548382891}
  m_LocalRotation: {x: 0.022506189, y: 0.9754151, z: -0.119405776, w: 0.18385106}
  m_LocalPosition: {x: 245.12668, y: 16.742569, z: 301.1385}
  m_LocalScale: {x: 1, y: 1, z: 1}
  m_Children: []
  m_Father: {fileID: 0}
  m_RootOrder: 13
--- !u!1 &1787019423
GameObject:
  m_ObjectHideFlags: 0
  m_PrefabParentObject: {fileID: 0}
  m_PrefabInternal: {fileID: 0}
  serializedVersion: 4
  m_Component:
  - 4: {fileID: 1787019424}
  m_Layer: 0
  m_Name: Player Spawn
  m_TagString: PlayerSpawn
  m_Icon: {fileID: 5721338939258241955, guid: 0000000000000000d000000000000000, type: 0}
  m_NavMeshLayer: 0
  m_StaticEditorFlags: 0
  m_IsActive: 1
--- !u!4 &1787019424
Transform:
  m_ObjectHideFlags: 0
  m_PrefabParentObject: {fileID: 0}
  m_PrefabInternal: {fileID: 0}
  m_GameObject: {fileID: 1787019423}
  m_LocalRotation: {x: 0, y: -0.9896827, z: 0, w: -0.14327718}
  m_LocalPosition: {x: 254.52, y: 0.06, z: 278.97}
  m_LocalScale: {x: 1, y: 1, z: 1}
  m_Children: []
  m_Father: {fileID: 0}
  m_RootOrder: 7
--- !u!1001 &1796085258
Prefab:
  m_ObjectHideFlags: 0
  serializedVersion: 2
  m_Modification:
    m_TransformParent: {fileID: 1083588742}
    m_Modifications:
    - target: {fileID: 400000, guid: 22ef6d99cbe6ffc41986b4f88af73223, type: 3}
      propertyPath: m_LocalPosition.x
      value: 27.296509
      objectReference: {fileID: 0}
    - target: {fileID: 400000, guid: 22ef6d99cbe6ffc41986b4f88af73223, type: 3}
      propertyPath: m_LocalPosition.y
      value: -8.907417
      objectReference: {fileID: 0}
    - target: {fileID: 400000, guid: 22ef6d99cbe6ffc41986b4f88af73223, type: 3}
      propertyPath: m_LocalPosition.z
      value: -18.973022
      objectReference: {fileID: 0}
    - target: {fileID: 400000, guid: 22ef6d99cbe6ffc41986b4f88af73223, type: 3}
      propertyPath: m_LocalRotation.x
      value: 0.69954765
      objectReference: {fileID: 0}
    - target: {fileID: 400000, guid: 22ef6d99cbe6ffc41986b4f88af73223, type: 3}
      propertyPath: m_LocalRotation.y
      value: -0.10311784
      objectReference: {fileID: 0}
    - target: {fileID: 400000, guid: 22ef6d99cbe6ffc41986b4f88af73223, type: 3}
      propertyPath: m_LocalRotation.z
      value: -0.10311792
      objectReference: {fileID: 0}
    - target: {fileID: 400000, guid: 22ef6d99cbe6ffc41986b4f88af73223, type: 3}
      propertyPath: m_LocalRotation.w
      value: -0.6995474
      objectReference: {fileID: 0}
    - target: {fileID: 400000, guid: 22ef6d99cbe6ffc41986b4f88af73223, type: 3}
      propertyPath: m_RootOrder
      value: 3
      objectReference: {fileID: 0}
    - target: {fileID: 400000, guid: 22ef6d99cbe6ffc41986b4f88af73223, type: 3}
      propertyPath: m_LocalScale.x
      value: 1.7446785
      objectReference: {fileID: 0}
    - target: {fileID: 400000, guid: 22ef6d99cbe6ffc41986b4f88af73223, type: 3}
      propertyPath: m_LocalScale.y
      value: 1.744678
      objectReference: {fileID: 0}
    - target: {fileID: 400000, guid: 22ef6d99cbe6ffc41986b4f88af73223, type: 3}
      propertyPath: m_LocalScale.z
      value: 1.744678
      objectReference: {fileID: 0}
    m_RemovedComponents: []
  m_ParentPrefab: {fileID: 100100000, guid: 22ef6d99cbe6ffc41986b4f88af73223, type: 3}
  m_IsPrefabParent: 0
--- !u!4 &1796085259 stripped
Transform:
  m_PrefabParentObject: {fileID: 400000, guid: 22ef6d99cbe6ffc41986b4f88af73223, type: 3}
  m_PrefabInternal: {fileID: 1796085258}
--- !u!1 &2043179836
GameObject:
  m_ObjectHideFlags: 0
  m_PrefabParentObject: {fileID: 0}
  m_PrefabInternal: {fileID: 0}
  serializedVersion: 4
  m_Component:
  - 4: {fileID: 2043179838}
  - 108: {fileID: 2043179837}
  m_Layer: 0
  m_Name: Point light
  m_TagString: Untagged
  m_Icon: {fileID: 0}
  m_NavMeshLayer: 0
  m_StaticEditorFlags: 0
  m_IsActive: 0
--- !u!108 &2043179837
Light:
  m_ObjectHideFlags: 0
  m_PrefabParentObject: {fileID: 0}
  m_PrefabInternal: {fileID: 0}
  m_GameObject: {fileID: 2043179836}
  m_Enabled: 1
  serializedVersion: 6
  m_Type: 2
  m_Color: {r: 1, g: 1, b: 1, a: 1}
  m_Intensity: 0.61
  m_Range: 1000
  m_SpotAngle: 30
  m_CookieSize: 10
  m_Shadows:
    m_Type: 0
    m_Resolution: -1
    m_Strength: 1
    m_Bias: 0.05
    m_NormalBias: 0.4
    m_NearPlane: 0.2
  m_Cookie: {fileID: 0}
  m_DrawHalo: 0
  m_Flare: {fileID: 0}
  m_RenderMode: 0
  m_CullingMask:
    serializedVersion: 2
    m_Bits: 4294967295
  m_Lightmapping: 4
  m_BounceIntensity: 0
  m_ShadowRadius: 0
  m_ShadowAngle: 0
  m_AreaSize: {x: 1, y: 1}
--- !u!4 &2043179838
Transform:
  m_ObjectHideFlags: 0
  m_PrefabParentObject: {fileID: 0}
  m_PrefabInternal: {fileID: 0}
  m_GameObject: {fileID: 2043179836}
  m_LocalRotation: {x: 0, y: 0, z: 0, w: 1}
  m_LocalPosition: {x: 269.73514, y: 36.1, z: 260.99234}
  m_LocalScale: {x: 1, y: 1, z: 1}
  m_Children: []
  m_Father: {fileID: 0}
  m_RootOrder: 11
